1922 2764
134 558 192 589 45.

142 1972 199 2007 46.

247 270 312 305 192
668 266 999 302 MUNIMENTA
1026 266 1285 301 FRATRUM

246 437 352 472 Carta
366 437 566 472 donacionis
581 437 705 484 viginti
723 437 909 472 solidorum
929 437 972 472 de
992 437 1102 472 chetis
1116 436 1262 472 Comitis
1280 436 1324 471 de
1344 436 1497 483 Ergadia
1514 436 1548 470 in
1566 436 1706 472 Cowole

247 530 434 597 Omnibus
452 560 518 595 hoc
549 561 713 608 scriptum
733 560 858 595 visuris
877 560 933 595 vel
965 560 1134 595 audituris
1161 573 1224 594 nos
1244 560 1389 595 Colinus
1407 572 1522 595 comes
1553 560 1707 608 Ergadie

244 621 402 656 dominus
419 620 608 668 Campbele
624 627 659 656 et
675 621 793 656 Lorne
836 621 989 656 Salutem
1003 621 1038 655 in
1055 621 1208 656 Domino
1223 622 1466 669 sempiternam
1509 621 1630 656 Sciatis
1644 634 1708 656 nos

244 695 306 729 pro
325 682 435 717 salute
454 682 566 717 anime
586 688 704 717 nostre
720 688 755 717 et
773 695 835 729 pro
854 682 964 717 salute
984 682 1173 717 animarum
1188 682 1337 718 omnium
1353 689 1610 718 antecessorum
1629 695 1707 717 nos-

244 750 375 778 trorum
406 749 442 778 et
472 755 709 778 successorum
732 763 739 770 ·
761 743 804 778 ad
830 743 998 778 honorem
1026 743 1097 778 Dei
1118 743 1378 791 Omnipotentis
1397 749 1433 779 et
1460 743 1568 778 Beate
1592 743 1707 778 Marie

247 804 405 851 Virginis
423 811 460 840 et
478 804 579 839 Beati
596 804 767 840 Johannis
786 803 1040 851 Euuangeliste
1063 825 1069 831 ·
1092 804 1230 839 dedisse
1249 804 1463 840 concessisse
1482 811 1517 839 et
1543 817 1606 852 per
1632 817 1709 852 pre-

245 872 362 900 sentes
381 865 499 900 damus
523 871 558 900 et
576 865 797 900 concedimus
817 865 929 900 Priori
949 871 984 900 et
1001 865 1181 900 Fratribus
1201 865 1480 901 Predicatoribus
1499 866 1542 900 de
1565 865 1709 912 Glasgw

244 926 372 961 ibidem
399 926 480 961 Deo
507 926 740 961 seruientibus
773 932 809 961 et
834 926 953 961 diuina
970 926 1227 962 celebrantibus
1250 948 1255 953 ·
1279 939 1341 974 pro
1368 933 1441 962 toto
1462 933 1618 974 tempore
1637 926 1708 961 vite

244 992 365 1022 nostre
389 1008 395 1014 -
418 987 541 1034 viginti
561 987 688 1021 solidos
707 987 836 1022 vsualis
853 993 994 1022 monete
1016 988 1118 1035 regni
1139 988 1259 1023 Scocie
1285 988 1321 1022 in
1348 1001 1468 1035 puram
1495 988 1708 1023 elimosinam

247 1048 430 1083 Soluendis
449 1048 579 1083 eisdem
600 1048 711 1083 Priori
731 1054 767 1083 et
798 1048 979 1083 Fratribus
1011 1062 1071 1083 seu
1092 1061 1210 1084 eorum
1240 1050 1521 1096 procuratoribus
1551 1049 1709 1097 pluribus

245 1114 304 1143 aut
322 1109 380 1143 vni
399 1108 499 1142 dictis
518 1108 642 1155 viginti
669 1108 787 1143 solidis
805 1109 848 1143 de
864 1109 975 1144 chetis
993 1110 1120 1145 nostris
1135 1123 1155 1145 a
1172 1116 1291 1145 nostro
1305 1110 1493 1146 camerario
1508 1111 1551 1146 de
1568 1111 1709 1146 Cowole

246 1169 287 1203 ad
315 1169 401 1204 duos
428 1169 507 1203 anni
539 1170 705 1205 terminos
737 1170 960 1206 mediocriter
979 1171 1144 1206 videlicet
1173 1171 1215 1206 ad
1244 1171 1386 1207 Festum
1416 1172 1643 1208 Pentecostes
1674 1179 1710 1207 et

248 1230 365 1265 Sancti
384 1230 528 1265 Martini
554 1231 589 1265 in
607 1231 732 1278 hyeme
755 1252 761 1258 ·
786 1232 934 1266 termino
959 1232 1070 1279 prime
1103 1233 1288 1267 solucionis
1318 1233 1506 1280 incipiente
1537 1234 1570 1268 in
1603 1234 1710 1269 Festo

249 1291 365 1326 Sancti
391 1290 537 1326 Martini
569 1298 648 1339 post
666 1292 779 1327 datam
809 1293 1029 1340 presencium
1053 1315 1058 1321 ·
1082 1293 1214 1329 Datum
1233 1294 1296 1329 sub
1323 1301 1443 1330 nostro
1474 1295 1588 1342 sigillo
1619 1295 1711 1342 apud

250 1351 403 1398 Kylmun
423 1359 546 1387 octauo
565 1353 621 1388 die
639 1353 768 1388 mensis
785 1353 880 1401 Junij
901 1366 991 1389 anno
1010 1354 1154 1389 Domini
1172 1355 1353 1390 millesimo
1367 1356 1710 1403 quadringentesimo

249 1414 462 1460 octogesimo
492 1415 602 1462 primo
655 1415 780 1451 Coram
818 1415 883 1463 hijs
914 1416 1061 1451 testibus
1092 1417 1257 1452 videlicet
1286 1417 1479 1452 honorabili
1510 1424 1546 1453 et
1574 1420 1711 1465 potenti

249 1475 388 1510 domino
407 1475 562 1510 Domino
581 1476 799 1523 Mungumry
848 1477 1063 1512 Archibaldo
1083 1476 1251 1525 Campbel
1278 1485 1397 1514 nostro
1424 1479 1494 1514 filio
1520 1485 1556 1514 et
1580 1479 1712 1514 herede

247 1536 408 1572 Johanne
427 1536 655 1571 Lawmanson
682 1538 725 1572 de
746 1538 899 1584 Inueryn
956 1538 1082 1573 Colino
1101 1539 1269 1586 Campbel
1288 1539 1332 1574 de
1353 1539 1544 1586 Ormadyle
1601 1540 1711 1575 Iwaro

251 1596 441 1644 Campbele
460 1597 503 1632 de
521 1598 702 1633 Strauchin
723 1611 799 1633 cum
818 1598 933 1633 multis
951 1599 1026 1646 alijs
1045 1605 1100 1634 etc

251 1780 507 1814 Tenementum
526 1780 653 1827 dominj
672 1781 819 1817 Joannis
841 1780 981 1816 Cadder
1011 1781 1045 1815 in
1074 1794 1142 1829 quo
1170 1795 1262 1817 nunc
1289 1782 1421 1818 habitat
1450 1783 1605 1820 Joannes
1627 1784 1712 1820 Gal-

250 1841 376 1888 brayth
398 1862 404 1867 ·
427 1841 601 1876 annuatim
621 1841 741 1876 decem
761 1842 860 1876 solidi
879 1842 981 1889 annuj
1002 1843 1159 1877 redditus

252 1934 303 2001 IN
324 1967 399 2001 Dm
420 1980 562 2003 NOMINE
582 1980 685 2003 AMEN
708 1989 714 1994 ·
738 1966 811 2003 Per
829 1968 895 2003 hoc
920 1968 1186 2004 instrumentum
1214 1975 1330 2016 pateat
1356 1970 1447 2016 quod
1474 1983 1564 2005 anno
1592 1970 1712 2005 Domi-

252 2028 329 2062 nice
348 2028 597 2063 incarnacionis
626 2029 807 2064 millesimo
825 2029 1168 2077 quadringentesimo
1187 2031 1421 2078 octuagesimo
1448 2031 1558 2078 primo
1584 2031 1712 2066 mensis

253 2101 337 2123 uero
358 2088 571 2135 Septembris
589 2090 645 2124 die
664 2090 798 2125 decimo
842 2090 883 2124 In
903 2091 967 2137 mej
997 2091 1121 2126 notarii
1147 2091 1275 2138 publici
1306 2098 1342 2127 et
1371 2092 1508 2127 testium
1541 2092 1712 2139 subscrip-

252 2155 365 2183 torum
404 2150 586 2196 presencia
623 2151 854 2197 personaliter
888 2152 1096 2186 constitutus
1130 2172 1136 2179 ·
1171 2153 1440 2200 circumspectus
1470 2153 1523 2188 vir
1555 2153 1713 2189 dominus

253 2208 431 2244 Johannes
452 2209 592 2244 Cadder
613 2231 619 2237 ·
643 2223 687 2245 ex
706 2224 766 2245 sua
784 2224 879 2246 mera
897 2218 933 2246 et
951 2219 1142 2259 spontanea
1160 2213 1341 2248 voluntate
1360 2220 1395 2248 et
1414 2214 1487 2248 eius
1506 2221 1544 2249 ut
1566 2215 1713 2250 asseruit

255 2268 366 2303 anime
384 2275 528 2315 pensata
546 2270 656 2305 salute
676 2278 711 2305 et
728 2271 876 2307 Vtilitate
907 2285 970 2319 pro
1001 2280 1171 2319 perpetuo
1190 2286 1209 2308 a
1227 2287 1263 2308 se
1295 2274 1433 2321 suisque
1462 2275 1649 2310 heredibus
1678 2283 1713 2311 et

255 2329 437 2375 assignatis
456 2330 598 2365 tradidit
625 2338 661 2365 et
691 2332 855 2367 alienauit
886 2333 1037 2368 discreto
1054 2334 1130 2369 viro
1161 2335 1272 2381 Fratrj
1306 2336 1451 2371 Andree
1481 2336 1713 2383 Cunyngham
