1922 2764
245 305 291 337 88
577 298 733 335 LIBER
761 299 1008 335 ECCLESIE
1039 297 1377 334 COLLEGIATE

245 411 342 434 reum
361 398 513 432 Donaldi
542 398 665 445 Lyone
692 397 777 432 ciuis
799 397 1029 443 Glasguensis
1052 397 1171 443 jacens
1199 395 1232 429 in
1254 395 1322 429 Via
1348 394 1465 429 Sancti
1490 393 1699 439 Kentigerni

245 458 451 493 confessoris
478 465 572 492 trans
598 463 787 492 torrentem
816 457 1048 503 Malyndonar
1076 469 1119 490 ex
1146 455 1287 489 australi
1312 461 1410 501 parte
1429 454 1584 489 eiusdem
1602 460 1700 489 etex

244 519 409 554 anteriori
434 525 532 565 parte
551 518 659 553 crofte
678 517 852 564 wlgariter
871 522 1066 563 nuncupate
1084 524 1092 552 l
1109 514 1318 561 Eglishamis
1339 514 1439 549 Croft
1455 522 1464 550 l
1480 514 1570 548 inter
1589 520 1699 549 terras

244 579 414 626 quondam
442 579 596 613 Eduardi
625 579 721 612 Scott
747 590 791 612 ex
818 576 976 612 orientali
1004 582 1039 610 et
1065 582 1175 610 terras
1204 575 1351 609 Roberti
1378 575 1526 609 Favside
1549 587 1593 609 ex
1612 575 1699 609 occi-

245 639 374 674 dentali
405 639 559 685 partibus
587 659 593 665 ·
622 639 710 672 Item
741 637 874 671 decimo
906 642 941 671 et
971 636 1090 670 vltimo
1121 635 1162 669 ad
1195 648 1298 669 vnum
1330 635 1497 670 vstrinum
1528 636 1699 682 quondam

243 699 411 735 Johannis
432 699 559 734 Scheill
578 698 662 732 ciuis
685 697 915 743 Glasguensis
930 697 1050 742 jacens
1069 696 1102 729 in
1122 696 1241 730 eadem
1264 696 1333 730 Via
1353 696 1468 731 Sancti
1489 696 1699 742 Kentigerni

245 772 289 794 ex
307 766 404 806 parte
423 759 553 793 boreali
572 759 724 792 eiusdem
744 757 809 791 vici
829 763 864 791 et
890 757 924 790 in
951 763 1049 803 parte
1075 756 1259 803 posteriori
1285 756 1376 791 inter
1399 763 1510 791 terras
1528 757 1698 803 quondam

245 819 449 853 Archibaldi
479 818 634 852 XVilsone
661 818 746 852 ciuis
772 817 1002 863 Glasquensis
1030 829 1075 850 ex
1101 816 1306 851 occidentali
1334 823 1369 852 et
1394 824 1504 851 terras
1530 817 1700 853 Johannis

247 879 448 926 Wodderop
462 879 564 913 etiam
579 878 663 912 ciuis
682 877 912 923 Glasguensis
928 889 971 911 ex
985 877 1144 911 orientali
1162 877 1316 924 partibus
1339 898 1344 903 ·
1369 877 1415 912 Et
1428 878 1555 912 ibidem
1575 884 1699 912 statum

245 946 281 974 et
311 939 469 974 saisinam
500 938 728 973 hereditarios
759 937 987 984 quadraginta
1017 937 1236 972 denariorum
1268 938 1395 972 vsualis
1430 945 1567 972 monete
1598 938 1699 983 regni

247 1000 361 1035 Scotie
380 999 552 1034 annuatim
575 998 800 1033 leuandorum
827 998 869 1032 de
896 997 1030 1044 prefato
1056 998 1181 1032 horreo
1208 998 1314 1045 ipsius
1341 998 1494 1032 Donaldi
1522 998 1646 1045 Lyone
1665 1005 1700 1033 et

246 1060 436 1095 octodecim
455 1059 673 1094 denariorum
701 1059 855 1093 eiusdem
881 1065 1019 1093 monete
1047 1058 1220 1093 annuatim
1245 1058 1469 1093 leuandorum
1497 1059 1540 1093 de
1566 1059 1699 1106 prefato

245 1120 375 1156 vstrino
402 1120 548 1167 predicti
570 1120 740 1166 quondam
765 1119 934 1155 Johannis
963 1119 1089 1154 Scheill
1106 1128 1115 1156 Ι
1131 1119 1195 1154 sibi
1220 1119 1372 1155 Johanni
1400 1119 1521 1153 Pollok
1539 1125 1699 1167 tanquam

244 1181 415 1228 legittimo
443 1187 477 1215 et
503 1180 739 1227 propinquiori
766 1180 887 1214 heredi
914 1180 1148 1227 predictorum
1175 1179 1344 1216 ,Iohannis
1372 1179 1494 1214 Pollok
1521 1186 1556 1215 et
1582 1180 1699 1215 Dauid

248 1241 369 1275 Pollok
404 1241 645 1275 decedentium
682 1240 800 1275 vltimo
830 1240 865 1274 in
901 1246 992 1275 statu
1021 1246 1056 1275 et
1087 1240 1212 1275 saisina
1245 1240 1479 1287 predictorum
1509 1253 1699 1275 annuorum

244 1302 439 1336 reddituum
469 1298 704 1347 [deliberauit]
730 1321 736 1326 ·
762 1300 833 1341 Qui
858 1300 1036 1336 Johannes
1065 1300 1187 1335 Pollok
1214 1300 1356 1335 indilate
1382 1300 1576 1335 huiusmodi
1602 1306 1699 1336 tene-

245 1368 359 1396 menta
378 1368 488 1396 terras
508 1367 542 1395 et
560 1374 692 1395 annuos
709 1361 865 1395 redditus
885 1361 954 1395 suis
974 1367 1164 1407 spontanea
1180 1361 1358 1396 voluntate
1378 1374 1439 1395 seu
1457 1361 1559 1396 etiam
1576 1374 1701 1408 magna

245 1422 384 1468 vrgenti
403 1422 609 1456 necessitate
625 1428 662 1456 ut
676 1421 765 1456 dixit
780 1430 788 1457 Ι
805 1421 839 1455 in
858 1421 1013 1455 manibus
1032 1421 1156 1468 presati
1173 1421 1338 1456 Willelmi
1354 1421 1611 1456 Hendersoune
1629 1422 1698 1456 bal-

244 1482 305 1516 liui
324 1482 356 1515 in
376 1482 528 1516 fauorem
548 1481 755 1516 venerabilis
774 1481 839 1515 viri
858 1481 1011 1527 magistri
1029 1481 1151 1517 Jacobi
1180 1481 1364 1516 Houstone
1389 1482 1576 1517 subdecani
1598 1483 1700 1518 Glas-

245 1542 387 1588 guensis
406 1549 441 1576 et
460 1555 596 1576 suorum
615 1541 867 1588 assignatorum
885 1554 947 1588 pro
966 1548 1061 1576 certa
1079 1554 1209 1576 summa
1226 1542 1372 1588 pecunie
1388 1542 1452 1576 sibi
1469 1542 1620 1578 Johanni
1638 1556 1700 1590 per

245 1602 355 1648 ipsum
384 1601 585 1648 magistrum
611 1601 778 1637 Jacobum
807 1601 960 1647 plenarie
988 1614 1051 1648 pro
1079 1602 1280 1636 venditione
1309 1603 1497 1637 eorundem
1525 1604 1702 1650 persoluta

245 1674 308 1708 per
326 1669 420 1696 terre
439 1668 474 1696 et
497 1661 620 1708 lapidis
644 1674 683 1696 ac
706 1661 838 1696 denarii
862 1661 1082 1696 traditionem
1107 1661 1307 1708 simpliciter
1330 1662 1522 1709 resignauit
1538 1673 1546 1699 l
1564 1664 1700 1704 Quibus

246 1721 539 1768 resignationibus
568 1722 616 1756 sic
638 1722 737 1756 factis
768 1722 858 1756 idem
890 1722 1036 1756 balliuus
1068 1727 1191 1757 statum
1220 1728 1255 1757 et
1285 1722 1443 1757 saisinam
1473 1723 1701 1759 hereditarios

247 1782 394 1816 omnium
414 1789 449 1816 et
464 1782 677 1828 singulorum
697 1782 965 1829 prescriptorum
981 1788 1255 1817 tenementorum
1274 1788 1444 1817 terrarum
1459 1789 1493 1818 et
1511 1796 1701 1819 annuorum

246 1842 443 1877 reddituum
458 1842 608 1877 discreto
627 1842 700 1877 viro
715 1842 853 1876 domino
875 1842 1024 1877 Ricardo
1042 1842 1282 1877 Otterburnne
1300 1843 1506 1889 presbytero
1525 1850 1702 1880 actornato

248 1910 283 1938 et
303 1904 517 1950 procuratori
545 1904 650 1950 ipsius
677 1903 831 1949 magistri
849 1903 971 1939 Jacobi
995 1903 1202 1937 Houstoune
1222 1903 1417 1950 specialiter
1435 1905 1622 1940 constituto
1640 1918 1702 1952 per

248 1970 341 1998 terre
366 1970 401 1998 et
424 1964 547 2011 lapidis
571 1976 609 1998 ac
634 1964 765 1998 denarii
790 1963 1010 1998 traditionem
1032 1969 1069 1998 vt
1093 1963 1197 1997 moris
1221 1969 1275 1998 est
1298 1964 1504 1998 deliberauit
1526 1985 1531 1991 ·
1557 1965 1702 2000 Presen-

248 2024 338 2058 tibus
367 2024 493 2058 ibidem
519 2024 672 2071 prouidis
691 2024 773 2058 viris
792 2024 938 2058 dominis
955 2024 1086 2059 Jacobo
1107 2023 1225 2058 Schaw
1247 2030 1283 2058 et
1309 2023 1463 2058 Martino
1492 2024 1583 2059 Reid
1608 2038 1702 2072 pres-

248 2084 381 2130 byteris
401 2085 619 2130 Kentigeruo
641 2084 822 2119 Hanstone
840 2084 1014 2118 willelmo
1034 2083 1245 2129 Fynnesoun
1259 2084 1419 2119 Johanne
1434 2083 1516 2118 Law
1533 2091 1567 2119 et
1586 2085 1703 2120 Dauid

250 2143 389 2178 Lettrik
404 2145 562 2178 seriando
581 2145 675 2179 laicis
699 2165 705 2171 ·
729 2145 796 2179 ET
820 2144 927 2180 EGO
951 2143 1227 2178 MICHAELL
1249 2144 1422 2191 Flemyng
1439 2144 1584 2179 clericus
1602 2145 1702 2180 Glas-

249 2204 391 2250 guensis
410 2204 555 2238 diocesis
582 2205 842 2239 auctoritatibus
868 2204 1071 2251 Apostolica
1088 2210 1123 2238 et
1141 2204 1316 2251 Imperiali
1342 2204 1495 2239 notarius
1521 2205 1702 2251 publicus!

252 2263 431 2297 Premis-sis
454 2262 549 2310 [eta]
569 2282 574 2287 ·
594 2263 660 2298 ET
679 2264 790 2298 statim
808 2271 929 2311 postea
947 2263 1077 2298 eisdem
1091 2264 1146 2298 die
1162 2271 1197 2298 et
1214 2276 1304 2298 anno
1319 2270 1354 2299 et
1367 2277 1480 2299 coram
1498 2277 1552 2299 me
1570 2265 1703 2300 notario

252 2323 388 2370 publico
404 2329 439 2358 et
456 2323 602 2358 testibus
621 2324 860 2370 suprascriptis
878 2323 1032 2370 prefatus
1049 2323 1227 2359 Johannes
1248 2323 1369 2358 Pollok
1387 2323 1541 2359 existens
1559 2324 1594 2358 in
1613 2330 1703 2359 statu
