1922 2764
604 261 645 296 B.
674 261 721 296 V.
750 260 919 296 MARIE
947 260 1015 295 ET
1044 261 1078 296 S.
1109 260 1268 295 ANNE.
1621 263 1667 298 63

208 365 415 405 precentore
438 367 446 395 l
470 358 676 393 Alexandro
707 358 780 393 Dik
811 358 1052 393 archidiacono
1072 366 1081 395 Ι
1104 370 1143 392 ac
1170 357 1317 391 Valtero
1349 357 1483 393 Betone
1506 367 1514 394 l
1536 359 1667 395 Jacobo

210 419 323 454 Cottis
351 427 360 455 l
389 419 551 454 Gilberto
587 419 739 466 Benyng
764 427 773 455 Ι
798 418 959 455 Johanne
997 418 1202 465 Colquhone
1229 427 1238 454 l
1264 423 1299 452 et
1332 417 1492 453 Johanne
1531 420 1667 466 Spreull

206 480 380 515 canonicis
398 481 546 516 ecclesie
564 480 829 528 metropolitane
851 479 1082 527 Glasguensis
1102 492 1179 514 cum
1197 478 1344 513 diuersis
1363 479 1436 513 aliis
1456 486 1522 514 etc.

451 601 505 636 Ita
523 607 577 636 est
596 601 704 648 Hugo
725 600 840 647 Curry
859 601 1013 636 notarius
1040 600 1199 648 publicus
1217 612 1256 635 ac
1275 599 1357 634 dieti
1384 601 1666 634 reuerendissimi

452 661 558 708 patris
577 661 689 696 scriba
706 661 740 695 in
759 661 936 708 premissis
956 674 1056 696 manu
1074 661 1215 708 propria
1233 660 1437 707 subscripsit

449 779 503 814 Ita
533 786 586 814 est
615 779 829 814 Cuthbertus
863 779 1023 826 Symonis
1054 779 1207 815 notarius
1239 779 1396 826 publicus
1428 779 1471 813 dc
1503 779 1667 826 predictis

449 847 590 887 rogatus
609 853 711 874 manu
729 840 869 887 propria

449 961 601 996 Thomas
634 961 894 998 Hammiltoune
923 963 1077 998 notarius
1103 963 1261 1010 publicus
1292 963 1326 997 in
1358 962 1534 1009 premissis
1566 975 1665 997 manu

448 1022 588 1070 propria
607 1023 810 1069 subscripsit

204 1234 274 1299 IN
304 1264 534 1306 QUORUM
560 1265 710 1300 omnium
738 1271 774 1300 et
800 1265 1014 1312 singulorum
1033 1265 1135 1300 fidem
1163 1271 1199 1300 et
1222 1265 1456 1300 testimonium
1483 1264 1664 1311 premisso-

204 1337 279 1360 rum
297 1325 358 1360 has
376 1332 558 1372 presentes
576 1326 710 1361 litteras
729 1326 802 1360 siue
821 1326 886 1360 hoc
904 1339 1050 1372 presens
1077 1326 1251 1373 publicum
1270 1326 1534 1361 instrumentum
1554 1331 1664 1360 trans-

205 1391 375 1432 sumptum
395 1399 456 1421 seu
471 1386 715 1434 transcriptum
730 1393 765 1421 et
782 1386 817 1421 in
836 1392 996 1433 regestro
1014 1387 1163 1434 positum
1182 1387 1310 1422 exinde
1329 1387 1404 1421 fieri
1425 1387 1471 1421 Et
1489 1399 1551 1433 per
1570 1393 1662 1420 nota-

203 1446 291 1480 rium
309 1446 481 1493 publicum
501 1446 756 1494 infrascriptum
782 1447 928 1481 scribam
954 1454 1109 1482 nostrum
1137 1447 1307 1482 subscribi
1325 1454 1361 1482 et
1378 1447 1545 1494 publicari
1573 1459 1664 1481 inan—

203 1507 357 1542 dauimus
395 1506 585 1554 Sigilloque
621 1507 722 1542 officii
756 1507 957 1543 officialatus
995 1507 1226 1555 Glasguensis
1261 1507 1421 1542 iussimus
1452 1513 1488 1541 et
1521 1507 1664 1541 fecimus

203 1568 358 1615 presenti
385 1574 546 1615 regestro
573 1568 786 1616 appensione
806 1569 1008 1603 communiri
1031 1590 1037 1595 -
1060 1569 1192 1603 Datum
1220 1575 1256 1603 et
1281 1574 1394 1603 actum
1415 1568 1505 1615 apud
1527 1568 1663 1615 Glasgu

203 1628 259 1662 die
278 1627 403 1663 Martis
422 1635 544 1663 octauo
563 1629 691 1664 mensis
708 1629 865 1665 Januarii
881 1638 890 1666 l
906 1642 996 1664 anno
1014 1629 1260 1665 incarnationis
1279 1629 1464 1664 Dominice
1483 1629 1663 1663 millesimo

203 1689 482 1736 quingentesimo
519 1689 922 1737 Quadragesimooctauo
955 1699 963 1727 1
992 1691 1188 1726 Indictione
1228 1691 1373 1738 septima
1401 1699 1409 1726 Ι
1440 1690 1662 1725 pontificatus

203 1750 407 1784 sanctissimi
432 1750 467 1784 in
494 1750 635 1786 Christo
662 1751 768 1798 patris
796 1758 831 1786 et
857 1751 985 1786 domini
1012 1752 1121 1786 nostri
1148 1751 1291 1786 Domini
1322 1751 1417 1785 Pauli
1444 1750 1561 1784 diuina
1586 1763 1663 1796 pro-

202 1810 355 1845 uidentia
383 1811 475 1858 Pape
502 1812 597 1846 tertii
624 1825 713 1847 anno
740 1813 998 1859 decimoquarto
1014 1821 1023 1848 Ι
1039 1812 1123 1846 hora
1146 1812 1308 1858 jamdicte
1331 1811 1399 1845 diei
1424 1811 1556 1845 decima
1582 1818 1662 1845 ante

202 1872 380 1907 meridiem
406 1872 462 1906 vel
488 1872 626 1908 circiter
649 1894 654 1899 ·
679 1873 905 1908 Presentibus
931 1873 1058 1907 ibidem
1086 1871 1277 1906 venerabili
1299 1871 1373 1905 viro
1400 1870 1564 1917 magistro
1593 1871 1662 1904 Ro-

200 1933 301 1967 berto
321 1932 556 1968 Creichtoune
575 1940 711 1968 rectore
730 1934 773 1968 de
795 1933 995 1980 Sanquhare
1012 1941 1021 1968 l
1037 1945 1076 1967 ac
1094 1931 1266 1978 magistris
1286 1938 1320 1965 et
1339 1930 1484 1965 dominis
1506 1931 1661 1964 Roberto

204 1993 411 2028 Houstoune
428 2003 437 2029 Ι
452 1993 584 2030 Jacobo
612 1993 707 2028 Blair
724 2002 732 2029 l
749 1994 904 2028 Martino
932 1992 1023 2027 Reid
1044 1992 1200 2028 [Jacobo
1229 1991 1412 2026 Caulduoll
1441 1998 1476 2025 ct
1500 1991 1661 2026 Johanne

202 2055 336 2102 Bridyn
362 2055 579 2102 presbyteris
598 2067 637 2090 ac
655 2054 796 2089 notariis
823 2054 969 2101 publicis
988 2053 1134 2088 testibus
1154 2052 1196 2087 ad
1222 2052 1389 2098 premissa
1407 2052 1536 2086 vocatis
1556 2058 1590 2086 et
1609 2064 1660 2086 re—

202 2116 336 2162 quiffltis
355 2135 359 2139 ·

299 2236 345 2271 Et
363 2248 430 2282 ego
449 2235 601 2270 Thomas
622 2235 893 2281 Hammyltoune
920 2235 1104 2281 presbyter
1126 2233 1358 2280 Glasguensis
1376 2233 1523 2268 dioc-esis
1550 2233 1659 2280 publi-

300 2309 360 2331 cus
385 2309 481 2331 sacra
503 2295 708 2330 auctoritate
730 2295 932 2341 Apostolica
958 2295 1111 2329 notarius
1138 2308 1176 2329 ac
1203 2294 1314 2329 scriba
1339 2294 1537 2341 principalis
1565 2294 1658 2328 curie
