1922 2764
663 249 703 284 B.
732 249 779 284 v.
808 248 976 283 MARIE
1006 249 1072 284 ET
1102 250 1135 285 s.
1166 250 1322 285 ANNE.
1648 256 1695 292 97

238 348 281 382 ad
299 348 383 382 duas
409 347 502 394 rigas
530 354 622 382 terre
646 347 803 393 jacentes
829 347 864 380 in
891 346 1001 381 crofta
1027 352 1224 393 nuncupata
1240 356 1248 383 l
1266 347 1343 381 The
1370 348 1562 383 Brumelaw
1580 350 1695 385 linter

237 416 348 442 terras
367 407 494 442 domini
522 407 666 442 Martini
695 407 786 441 Reid
805 419 849 441 ex
868 407 1074 441 occidentali
1098 414 1133 441 et
1150 413 1261 441 terras
1288 407 1431 441 Domini
1459 408 1501 443 de
1530 409 1694 457 Montgo-

240 481 336 514 mery
361 481 405 502 ex
432 467 591 502 orientali
621 467 775 514 partibus
793 476 801 504 l
818 467 907 502 Item
934 467 977 501 ad
1002 480 1103 501 vnam
1131 467 1239 513 rigam
1267 473 1360 502 terre
1388 468 1560 514 jacentem
1588 470 1622 504 in
1648 471 1694 505 lie

240 528 389 574 Palyard
409 527 509 562 Croft
526 528 617 562 inter
635 534 745 562 terras
765 527 900 562 Mathei
917 527 1097 574 Campbell
1117 540 1161 562 ex
1176 528 1335 562 orientali
1351 533 1387 562 et
1400 534 1510 563 terras
1525 530 1695 576 quondam

242 588 387 623 Arthuri
406 588 546 622 Fauldis
566 600 609 622 ex
629 588 833 622 occidentali
852 588 1007 635 partibus
1024 597 1033 624 l
1050 587 1179 622 Tercio
1198 588 1240 622 ad
1259 600 1363 622 vnum
1383 595 1515 622 vastum
1535 589 1695 624 horreum

238 661 314 683 cum
332 661 400 683 vna
416 647 492 694 riga
509 655 679 682 terrarum
698 649 861 694 contigue
886 648 1066 683 adiacente
1091 648 1184 683 dicto
1212 649 1336 683 horreo
1360 649 1481 694 jacens
1510 649 1542 683 in
1573 649 1696 697 Longa

239 709 360 743 Crosta
377 708 468 742 inter
486 714 596 742 terras
615 708 786 754 quondam
814 708 932 743 Dauid
960 708 1082 742 Pollok
1102 721 1146 742 ex
1165 708 1324 743 orientali
1345 714 1380 743 et
1399 714 1510 743 terras
1530 709 1696 744 Willelmi

240 769 335 803 Scott
354 769 397 803 de
416 767 655 802 Bradisholme
680 781 725 802 ex
749 768 953 803 occidentali
981 768 1133 815 partibus
1151 777 1159 804 Ι
1178 768 1313 809 Quarto
1332 769 1375 804 ad
1399 775 1545 816 quatuor
1573 770 1696 805 horrea

237 841 314 862 cum
331 828 432 862 horto
451 834 486 862 et
503 828 723 875 pertinentiis
742 841 877 862 necnon
897 828 939 863 ad
954 835 1100 875 quatuor
1118 828 1211 875 rigas
1227 841 1303 863 cum
1319 836 1416 864 curta
1433 830 1509 877 riga
1526 836 1695 865 terrarum

234 889 398 935 contigue
424 889 603 923 adiacente
630 888 730 922 dictis
757 888 890 923 horreis
917 889 1069 935 jacentia
1095 889 1130 923 in
1158 888 1283 936 Longa
1311 889 1433 924 Crofta
1467 890 1558 925 inter
1585 898 1695 926 terras

237 949 406 996 quondam
438 949 606 985 Johannis
639 949 743 995 Gayn
776 961 820 983 ex
852 950 1010 984 orientali
1041 956 1077 984 et
1104 962 1206 984 vnam
1236 950 1344 996 rigam
1376 958 1608 998 nuncupatam
1626 961 1634 988 l
1650 952 1695 987 lie

239 1009 461 1044 Bowthokkis
474 1010 544 1056 Rig
561 1018 569 1045 Ι
586 1022 630 1044 ex
643 1009 847 1043 occidentali
860 1010 1013 1056 partibus
1030 1018 1038 1046 Ι
1057 1009 1190 1050 Quinto
1202 1009 1245 1044 ad
1257 1022 1360 1044 vnum
1370 1015 1606 1045 tenementum
1619 1024 1695 1046 cum

237 1076 312 1105 orto
327 1070 447 1116 jacens
465 1070 499 1104 in
515 1070 607 1104 dicta
621 1069 760 1104 ciuitate
779 1070 827 1116 [in
844 1068 913 1115 via]
933 1070 1098 1104 tendente
1114 1083 1134 1104 a
1149 1069 1244 1104 Loco
1259 1070 1419 1105 Fratrum
1437 1071 1696 1107 Predicatorum

233 1131 276 1165 ad
297 1130 444 1166 Crucem
463 1131 623 1165 Foralem
641 1143 685 1165 ex
704 1130 909 1165 occidentali
936 1137 1032 1177 parte
1052 1130 1107 1165 vie
1133 1130 1286 1165 eiusdem
1314 1130 1405 1165 inter
1433 1137 1543 1166 terras
1572 1132 1692 1167 Dauid

240 1193 408 1238 Symsone
424 1203 468 1226 ex
487 1191 617 1226 boreali
633 1197 669 1225 et
682 1197 792 1225 terras
810 1191 974 1225 Willelmi
991 1191 1203 1225 Androsoun
1219 1204 1264 1226 ex
1283 1191 1425 1226 australi
1444 1192 1598 1238 partibus
1620 1213 1626 1219 ·
1649 1193 1696 1228 Et

237 1252 363 1286 ibidem
382 1252 493 1286 dictus
512 1251 658 1286 balliuus
677 1257 803 1286 statum
822 1258 857 1286 et
876 1251 1035 1285 saisinam
1054 1251 1282 1286 hereditarios
1301 1252 1344 1286 de
1363 1252 1483 1298 quinta
1500 1260 1600 1300 parte
1618 1266 1695 1299 pre-

237 1312 404 1347 dictarum
424 1312 574 1359 rigarum
595 1312 668 1346 siue
687 1324 855 1359 aggerum
874 1317 1043 1346 terrarum
1071 1312 1313 1358 campestrium
1332 1325 1371 1346 ac
1390 1313 1433 1347 de
1453 1313 1571 1359 quinta
1597 1319 1694 1360 parte

237 1373 384 1420 predicti
402 1373 592 1408 tenementi
611 1385 688 1407 cum
703 1379 778 1407 orto
797 1378 833 1407 et
850 1372 1071 1419 pertinentiis
1086 1372 1255 1418 equaliter
1270 1372 1449 1407 diuidendi
1466 1385 1529 1420 per
1547 1379 1641 1408 terre
1660 1380 1696 1408 et

238 1433 360 1481 lapidis
378 1433 597 1468 traditionem
617 1439 654 1468 vt
678 1433 781 1467 moris
807 1438 860 1467 est
885 1433 1075 1479 burgorum
1102 1433 1137 1466 in
1166 1432 1333 1467 similibus
1358 1439 1396 1468 ut
1421 1434 1525 1468 moris
1552 1440 1605 1469 est
1631 1434 1695 1469 sibi

238 1494 386 1529 Isabelle
408 1493 546 1528 Walcar
571 1499 606 1528 et
629 1493 816 1528 heredibus
836 1493 905 1527 suis
925 1499 960 1527 et
981 1493 1164 1539 assignatis
1183 1493 1445 1540 quibuscunque
1464 1494 1695 1530 deliberauitl

240 1555 343 1590 Saluo
361 1555 439 1602 jure
458 1554 642 1590 cuiuslibet
664 1575 669 1580 -
694 1554 740 1588 Et
758 1566 903 1601 presens
923 1560 1031 1588 status
1050 1559 1086 1588 et
1104 1553 1230 1588 saisina
1247 1553 1359 1588 fuerat
1377 1554 1456 1588 data
1474 1567 1518 1589 ex
1536 1555 1695 1590 mandato

237 1628 409 1650 consensu
427 1621 462 1650 et
480 1627 622 1649 assensu
640 1614 768 1650 Jonete
790 1615 888 1649 Scott
915 1614 1033 1648 matris
1060 1613 1151 1648 dicte
1179 1613 1328 1648 Isabelle
1355 1614 1584 1661 personaliter
1606 1615 1695 1649 exis-

238 1675 343 1710 tentis
362 1688 475 1710 coram
502 1675 630 1709 balliuo
648 1681 684 1709 et
702 1687 756 1709 me
774 1675 909 1709 notario
929 1674 1066 1721 publico
1093 1674 1288 1721 subscripto
1305 1682 1313 1710 Ι
1333 1674 1562 1709 Reseruando
1580 1681 1693 1710 tamen

237 1736 622 1771 liberumtenementum
643 1748 683 1770 ac
701 1748 782 1769 vsus
800 1735 973 1770 fructuum
998 1735 1231 1782 predictarum
1259 1740 1428 1769 terrarum
1454 1735 1694 1782 campestrium

237 1796 440 1831 horreorum
459 1803 494 1831 et
512 1802 789 1831 tenementorum
816 1796 879 1830 sibi
904 1796 925 1831 J
930 1801 1032 1829 onete
1056 1795 1153 1829 Scott
1170 1807 1233 1841 pro
1251 1800 1324 1829 toto
1342 1802 1497 1841 tempore
1516 1795 1586 1830 vite
1604 1808 1665 1830 sue
1688 1816 1693 1821 -

240 1856 464 1891 Presentibus
490 1857 618 1892 ibidem
645 1856 799 1904 prouidis
818 1856 901 1891 viris
921 1855 1060 1890 domino
1077 1855 1209 1891 Jacobo
1231 1855 1349 1889 Schaw
1367 1855 1545 1902 capellano
1563 1856 1694 1891 Jacobo

240 1916 377 1952 Brovne
395 1917 555 1953 Johanne
575 1917 726 1952 Tarbart
744 1916 910 1951 Eduardo
931 1915 1045 1950 Yettis
1068 1914 1228 1950 Johanne
1249 1914 1391 1960 Buntyn
1419 1914 1578 1950 Johanne
1600 1916 1694 1951 Wat-

238 1989 321 2012 sone
338 1977 499 2013 Johanne
518 1978 696 2013 Frebarne
716 1983 751 2011 et
767 1977 928 2013 ,Iohanne
949 1975 1087 2009 Walcar
1106 1975 1266 2009 seriando
1288 1995 1293 2001 ·
1318 1974 1385 2009 ET
1409 1975 1518 2010 EGO
1542 1975 1695 2011 Michael

237 2037 411 2085 Flemyng
445 2038 590 2073 clericus
625 2037 857 2084 Glasguensis
892 2035 1040 2071 diocesis
1076 2035 1181 2069 sacris
1218 2034 1421 2082 Apostolica
1451 2042 1486 2071 et
1520 2036 1694 2084 Imperiali

237 2098 497 2133 auctoritatibus
515 2098 668 2133 notarius
687 2097 844 2144 publicus
898 2095 990 2136 Quia
1011 2093 1108 2142 [eta]
