1922 2764
217 249 293 283 xcvi
826 244 1054 279 TABULA.

215 574 259 601 43.

216 758 259 785 44.

331 384 533 421 Ardgartricht
553 384 582 411 in
605 383 718 412 Cowale
738 392 788 420 per
803 383 937 412 Colinum
952 380 1081 410 Cambell
1095 379 1244 408 domiuum
1257 378 1292 406 de
1308 377 1460 406 Ormadale
1473 376 1535 405 loco

330 446 547 474 Predicatorum
569 445 603 473 de
627 445 739 482 Glasgw
760 445 930 473 donatorum
945 459 950 464 ·
966 444 995 480 (7
1012 442 1093 471 Junii
1110 441 1192 471 1474.
1213 441 1317 468 abbrev.
1339 449 1372 467 ew
1394 444 1483 476 autoy.
1506 440 1535 466 in

328 509 426 537 archiv.
448 509 524 537 Univ.
544 508 647 546 Glasy.)
681 530 686 535 .

284 571 423 600 Vendicio
445 571 533 599 annui
556 571 685 599 redditus
709 570 743 598 de
765 573 929 598 tenemento
944 567 1081 595 Willelmi
1105 567 1232 595 Jaksoun
1256 566 1285 593 in
1301 565 1374 593 Vico
1399 565 1534 593 Fratrum

330 634 404 661 infra
414 633 554 662 venellam
565 632 680 670 jacente
696 648 700 653 ·
715 633 765 669 (16
782 631 913 660 Octobris
931 631 1011 660 1476.
1033 631 1139 657 abbrev.
1152 639 1185 657 ex
1198 633 1286 665 autoy.
1299 629 1328 655 iv.
1340 627 1439 655 archiv.
1459 628 1534 655 Univ.

335 695 442 733 Glasy.)

284 758 510 785 Instrumentum
532 765 614 793 super
629 756 812 784 edificacione
833 759 913 792 porte
935 759 964 782 et
988 754 1121 782 introitus
1138 753 1174 781 ad
1192 753 1353 781 Ecclesiam
1375 752 1511 780 Fratrum
1529 766 1534 771 ·

329 820 379 855 (16
395 819 476 847 Juuii
494 819 573 848 1478.
594 820 699 847 abbrev.
714 829 748 846 ex
760 823 850 855 azttoy.
867 819 897 845 in
911 817 1010 845 archiv.
1033 817 1107 845 Univ.
1126 816 1233 853 Glasy.)
1276 837 1282 843 .

214 883 258 910 45.
280 882 367 910 Carta.
382 882 475 910 Colini
490 881 603 910 comitis
620 881 745 918 Ergadie
761 879 869 908 domini
891 878 1043 917 Campbele
1066 882 1096 906 et
1113 878 1205 905 Lorne
1220 877 1255 905 de
1269 876 1373 913 viginti
1389 875 1486 904 solidis
1500 885 1535 903 ex

216 1070 259 1096 4⁴3.

215 1320 259 1346 48.

216 1505 259 1532 49.

215 1631 260 1659 50.

220 1816 267 1844 51.

218 2127 263 2155 53.

220 2252 264 2279 54.

329 944 420 971 ehetis
442 943 499 971 suis
523 943 557 971 de
580 943 690 972 Cowole
713 942 856 971 soluendis
872 956 877 962 ·
893 943 925 978 (8
940 942 1021 971 ,Iunii
1040 942 1120 969 1481.
1141 951 1174 969 ex
1187 946 1278 978 auloy.
1294 941 1322 967 in
1338 939 1438 967 archiv.
1461 940 1534 967 Univ.

334 1006 436 1043 Glasq.)

283 1070 509 1096 Instrumentum
524 1078 608 1106 super
621 1078 716 1096 annuo
731 1068 844 1096 redditu
856 1068 890 1096 de
902 1071 1065 1096 tenemento
1080 1065 1188 1094 domini
1203 1065 1324 1094 Joannis
1337 1064 1450 1094 Cadder
1464 1080 1469 1086 ·
1483 1065 1534 1101 (10

332 1131 508 1168 Septembris
524 1132 604 1159 1481.
625 1133 733 1159 abbrev.
750 1141 783 1159 ex
797 1137 884 1168 autoffl.
898 1132 927 1158 in
940 1130 1037 1158 archiv.
1061 1131 1137 1157 Univ.
1157 1128 1262 1166 Glasy.)

234 1194 258 1219 ”.
283 1193 509 1221 lustramentum
522 1193 610 1221 annui
625 1193 754 1221 redditus
769 1193 803 1221 de
819 1197 982 1221 tenemento
997 1192 1137 1220 Johannis
1162 1191 1267 1229 Hynde
1284 1191 1401 1229 jacente
1416 1190 1447 1218 in
1463 1191 1535 1219 Vico

335 1256 440 1283 Sancte
452 1256 555 1284 Tenew
569 1272 574 1276 ·
590 1256 620 1292 (9
638 1256 803 1285 Decembris
820 1256 901 1284 1483.
922 1257 1026 1283 abbrev.
1039 1265 1072 1283 ex
1086 1260 1174 1292 aulos).
1185 1256 1213 1282 in
1224 1254 1321 1282 archiv.
1341 1255 1417 1282 Urzz'v.
1433 1254 1536 1291 Glasy.)

285 1319 460 1347 Endeuturis
474 1320 581 1357 betuyx
596 1321 644 1347 the
662 1319 757 1348 Freris
772 1320 803 1347 of
816 1319 929 1356 Glasgw
943 1328 979 1347 on
993 1319 1042 1347 the
1056 1322 1087 1346 ta
1100 1322 1164 1355 part
1174 1318 1231 1346 and
1248 1318 1367 1355 Robyne
1381 1317 1412 1345 of
1426 1316 1494 1345 Hall
1508 1317 1539 1345 of

328 1382 376 1409 the
392 1381 514 1410 Fulbare
529 1391 565 1409 on
580 1383 627 1409 the
642 1381 731 1410 tothir
745 1385 809 1419 part
832 1381 875 1409 for
889 1390 906 1409 a
919 1390 994 1409 mess
1007 1384 1038 1409 at
1055 1381 1144 1409 Sanct
1160 1380 1328 1417 Katrynnys
1347 1379 1436 1408 altare
1459 1383 1512 1407 etc.
1527 1394 1532 1398 ·

330 1443 380 1479 (25
396 1443 477 1471 Junii
494 1444 574 1472 1485.
596 1453 629 1471 cz·
642 1449 729 1481 autogy.
746 1445 776 1472 in
789 1444 888 1472 archiv.
911 1444 985 1471 Univ.
1003 1444 1106 1481 G'Zasgs.)

283 1505 510 1533 Instrumentum
530 1505 633 1534 saisine
655 1515 739 1543 super
755 1506 910 1534 indentura
924 1506 1081 1543 prescripta
1096 1521 1101 1526 ·
1115 1506 1166 1542 (20
1183 1505 1307 1542 Augusti
1325 1505 1406 1534 1485.
1427 1506 1532 1533 abbrev.

330 1578 365 1596 ew
378 1574 467 1606 aatoq.
481 1569 509 1596 iv
523 1569 621 1596 archiv.
645 1569 718 1597 Univ.
739 1569 844 1606 Glassf.)

284 1631 430 1659 Fundacio
445 1631 600 1668 capellanie
615 1632 645 1659 in
659 1632 780 1660 ecclesia.
799 1633 934 1660 Fratrum
950 1632 1169 1660 Predicatorum
1183 1632 1218 1660 de
1231 1631 1344 1668 Glasgw
1355 1641 1405 1669 per
1421 1641 1535 1660 venera-

330 1692 417 1721 bilem
441 1693 533 1721 virum
555 1693 726 1730 magistrum
752 1694 930 1722 Willelmum
957 1694 1078 1723 Stewart
1100 1694 1271 1722 canonicum
1286 1694 1494 1731 Glasguensem
1508 1699 1537 1722 et

330 1759 473 1783 rectorem
486 1755 521 1784 de
538 1755 691 1784 Glasfurde
707 1773 711 1777 -
729 1757 780 1794 (15
797 1756 878 1784 Junii
896 1757 976 1786 1487.
997 1767 1029 1784 ex
1042 1762 1130 1794 autoy.
1144 1758 1173 1785 in
1187 1757 1286 1785 archiv.
1311 1757 1385 1784 Univ.
1400 1756 1504 1794 Glasy.)
1531 1778 1536 1784 .

291 1816 379 1845 Aliud
388 1817 612 1846 instrumentum
621 1818 750 1847 eiusdem
758 1819 938 1847 fundacionis
954 1835 959 1840 ·
974 1820 1006 1856 (6
1023 1819 1094 1848 Julii
1112 1819 1192 1849 1487.
1208 1821 1313 1847 abbrev.
1327 1829 1360 1847 ex
1372 1830 1449 1857 apoy.
1464 1819 1539 1857 apud

329 1880 447 1908 Annales
469 1881 651 1909 Universz'tatis
665 1881 848 1919 Glasquensis,
866 1882 933 1910 MS.
949 1883 978 1910 in
992 1882 1090 1910 archiv.
1106 1882 1222 1919 ejusdem
1240 1881 1334 1918 Univ.)
1358 1903 1363 1909 .

218 1960 223 1967 .
258 1962 262 1968 .
286 1942 513 1970 Instrumentum
527 1953 611 1980 super
625 1944 817 1973 celebracione
831 1945 914 1973 vuius
929 1945 1118 1973 anniuersarii
1133 1954 1184 1983 pro
1198 1945 1294 1973 anima
1308 1945 1417 1973 domini
1443 1945 1538 1973 Dauid

340 2003 439 2041 Purdy
457 2006 631 2034 succentoris
647 2006 831 2044 Glasguensis
850 2022 855 2027 -
869 2008 920 2045 (12
935 2007 1007 2035 Julii
1024 2008 1106 2037 1497.
1125 2009 1227 2035 abbrev.
1242 2017 1275 2035 ex
1288 2013 1378 2045 autoq.
1393 2009 1422 2035 in
1437 2008 1536 2036 archiv.

339 2065 414 2093 Urziv.
434 2067 539 2105 Glasy.)

289 2127 515 2157 Instrumentum
529 2140 615 2168 super
629 2133 827 2169 recoguicione
842 2133 930 2161 annui
957 2133 1084 2161 redditus
1107 2133 1206 2161 decem
1228 2133 1384 2162 solidorum
1405 2133 1440 2161 de
1461 2137 1538 2162 tene-

332 2194 428 2218 mento
440 2191 468 2218 in
483 2192 667 2222 Dunbertane
682 2210 688 2216 ·
702 2195 735 2231 (5
750 2195 823 2223 Maii
836 2196 918 2224 1500.
933 2197 1037 2224 abbrev.
1048 2206 1081 2223 ez
1089 2201 1176 2233 autqq.
1186 2197 1215 2223 in
1224 2196 1321 2224 archiv.
1342 2196 1417 2224 Univ.
1431 2196 1538 2234 Glasy.)

289 2252 517 2282 Iustrumentum
532 2255 567 2283 de
581 2255 692 2284 duobus
707 2256 804 2285 solidis
824 2257 855 2285 in
872 2258 1011 2295 Rothisay
1027 2267 1076 2296 per
1092 2258 1263 2295 Fergusium
1279 2258 1380 2286 Jacobi
1393 2263 1539 2287 coronato-

332 2323 391 2342 rem
403 2315 438 2343 de
451 2316 511 2344 But
522 2318 662 2346 concessis
674 2326 679 2330 ·
693 2319 724 2355 (6
735 2319 807 2347 Maii
819 2320 899 2348 1501.
914 2322 1018 2349 abbrev.
1030 2330 1063 2348 ez·
1072 2327 1163 2358 autoy.
1176 2323 1205 2349 in.
1218 2321 1317 2349 archiv.
1337 2322 1412 2349 Univ.
1429 2322 1538 2359 Glasy.)

1595 336 1668 357 Pffic.

1615 500 1669 528 188

1614 690 1668 718 189

1615 814 1669 842 190

1615 1002 1669 1029 192

1616 1128 1669 1158 192

1616 1254 1671 1282 194

1617 1443 1669 1470 195

1616 1569 1669 1598 198

1618 1757 1670 1785 198

1616 2071 1671 2100 202

1616 2197 1672 2225 203

1617 2322 1673 2350 205
