<?xml version="1.0" encoding="UTF-8"?>
<!DOCTYPE html PUBLIC "-//W3C//DTD XHTML 1.0 Transitional//EN"
    "http://www.w3.org/TR/xhtml1/DTD/xhtml1-transitional.dtd">
<html xmlns="http://www.w3.org/1999/xhtml" xml:lang="en" lang="en">
 <head>
  <title>
</title>
<meta http-equiv="Content-Type" content="text/html;charset=utf-8" />
  <meta name='ocr-system' content='tesseract 3.04.00' />
  <meta name='ocr-capabilities' content='ocr_page ocr_carea ocr_par ocr_line ocrx_word'/>
</head>
<body>
  <div class='ocr_page' id='page_1' title='image "./libercollegiinos00mait_0262.png"; bbox 0 0 1922 2764; ppageno 0'>
   <div class='ocr_carea' id='block_1_1' title="bbox 219 263 1256 303">
    <p class='ocr_par' dir='ltr' id='par_1_1' title="bbox 219 263 1256 303">
     <span class='ocr_line' id='line_1_1' title="bbox 219 263 1256 303; baseline -0.004 -2"><span class='ocrx_word' id='word_1_1' title='bbox 219 267 285 303; x_wconf 82' lang='lat'>156</span> <span class='ocrx_word' id='word_1_2' title='bbox 640 265 969 301; x_wconf 76' lang='lat' dir='ltr'>MUNIMENTA</span> <span class='ocrx_word' id='word_1_3' title='bbox 997 263 1256 299; x_wconf 80' lang='lat' dir='ltr'><strong>FRATRUM</strong></span> 
     </span>
    </p>
   </div>
   <div class='ocr_carea' id='block_1_2' title="bbox 212 370 1680 2374">
    <p class='ocr_par' dir='ltr' id='par_1_2' title="bbox 212 370 1680 2374">
     <span class='ocr_line' id='line_1_2' title="bbox 213 370 1676 423; baseline -0.005 -12"><span class='ocrx_word' id='word_1_4' title='bbox 213 376 440 423; x_wconf 87' lang='lat' dir='ltr'>peruenerint</span> <span class='ocrx_word' id='word_1_5' title='bbox 462 397 468 403; x_wconf 89' lang='lat'><em>·</em></span> <span class='ocrx_word' id='word_1_6' title='bbox 491 397 496 403; x_wconf 90' lang='lat'><strong>·</strong></span> <span class='ocrx_word' id='word_1_7' title='bbox 517 375 696 411; x_wconf 75' lang='lat' dir='ltr'>,Iohannes</span> <span class='ocrx_word' id='word_1_8' title='bbox 715 375 758 410; x_wconf 86' lang='lat' dir='ltr'>de</span> <span class='ocrx_word' id='word_1_9' title='bbox 781 374 906 410; x_wconf 83' lang='lat' dir='ltr'>Govan</span> <span class='ocrx_word' id='word_1_10' title='bbox 926 373 1109 420; x_wconf 81' lang='lat' dir='ltr'>burgensis</span> <span class='ocrx_word' id='word_1_11' title='bbox 1129 373 1172 407; x_wconf 87' lang='lat' dir='ltr'>de</span> <span class='ocrx_word' id='word_1_12' title='bbox 1197 372 1332 418; x_wconf 82' lang='lat' dir='ltr'>Glasgv</span> <span class='ocrx_word' id='word_1_13' title='bbox 1355 394 1361 399; x_wconf 90' lang='lat'>-</span> <span class='ocrx_word' id='word_1_14' title='bbox 1386 370 1537 405; x_wconf 81' lang='lat' dir='ltr'>Salutem</span> <span class='ocrx_word' id='word_1_15' title='bbox 1553 370 1586 404; x_wconf 89' lang='lat' dir='ltr'>in</span> <span class='ocrx_word' id='word_1_16' title='bbox 1605 370 1676 404; x_wconf 91' lang='lat' dir='ltr'>Do-</span> 
     </span>
     <span class='ocr_line' id='line_1_3' title="bbox 214 431 1675 484; baseline -0.005 -12"><span class='ocrx_word' id='word_1_17' title='bbox 214 437 305 472; x_wconf 89' lang='lat' dir='ltr'>mino</span> <span class='ocrx_word' id='word_1_18' title='bbox 324 437 567 484; x_wconf 86' lang='lat' dir='ltr'>sempiternam</span> <span class='ocrx_word' id='word_1_19' title='bbox 591 457 596 463; x_wconf 92' lang='lat'><strong>·</strong></span> <span class='ocrx_word' id='word_1_20' title='bbox 619 458 625 464; x_wconf 90' lang='lat'><strong>·</strong></span> <span class='ocrx_word' id='word_1_21' title='bbox 648 436 780 471; x_wconf 84' lang='lat' dir='ltr'>Vestra</span> <span class='ocrx_word' id='word_1_22' title='bbox 794 435 931 470; x_wconf 85' lang='lat' dir='ltr'>nouerit</span> <span class='ocrx_word' id='word_1_23' title='bbox 945 434 1153 469; x_wconf 81' lang='lat' dir='ltr'>Vniuersitas</span> <span class='ocrx_word' id='word_1_24' title='bbox 1169 433 1261 480; x_wconf 89' lang='lat' dir='ltr'>quod</span> <span class='ocrx_word' id='word_1_25' title='bbox 1276 445 1343 479; x_wconf 80' lang='lat' dir='ltr'>ego</span> <span class='ocrx_word' id='word_1_26' title='bbox 1358 445 1420 479; x_wconf 89' lang='lat' dir='ltr'>pro</span> <span class='ocrx_word' id='word_1_27' title='bbox 1435 431 1544 466; x_wconf 87' lang='lat' dir='ltr'>salute</span> <span class='ocrx_word' id='word_1_28' title='bbox 1563 431 1675 466; x_wconf 90' lang='lat' dir='ltr'>anime</span> 
     </span>
     <span class='ocr_line' id='line_1_4' title="bbox 214 496 1676 545; baseline -0.005 -12"><span class='ocrx_word' id='word_1_29' title='bbox 214 511 288 533; x_wconf 88' lang='lat' dir='ltr'>mee</span> <span class='ocrx_word' id='word_1_30' title='bbox 309 505 344 533; x_wconf 86' lang='lat' dir='ltr'>et</span> <span class='ocrx_word' id='word_1_31' title='bbox 362 511 424 545; x_wconf 92' lang='lat' dir='ltr'>pro</span> <span class='ocrx_word' id='word_1_32' title='bbox 443 498 552 532; x_wconf 87' lang='lat' dir='ltr'>salute</span> <span class='ocrx_word' id='word_1_33' title='bbox 567 497 754 532; x_wconf 86' lang='lat' dir='ltr'>animarum</span> <span class='ocrx_word' id='word_1_34' title='bbox 771 496 920 531; x_wconf 90' lang='lat' dir='ltr'>omnium</span> <span class='ocrx_word' id='word_1_35' title='bbox 940 501 1198 530; x_wconf 88' lang='lat' dir='ltr'>antecessorum</span> <span class='ocrx_word' id='word_1_36' title='bbox 1215 500 1250 528; x_wconf 86' lang='lat' dir='ltr'>et</span> <span class='ocrx_word' id='word_1_37' title='bbox 1265 505 1503 528; x_wconf 83' lang='lat' dir='ltr'>successorum</span> <span class='ocrx_word' id='word_1_38' title='bbox 1521 505 1676 527; x_wconf 88' lang='lat' dir='ltr'>meorum</span> 
     </span>
     <span class='ocr_line' id='line_1_5' title="bbox 214 554 1676 594; baseline -0.005 0"><span class='ocrx_word' id='word_1_39' title='bbox 214 566 249 594; x_wconf 85' lang='lat' dir='ltr'>et</span> <span class='ocrx_word' id='word_1_40' title='bbox 267 559 453 594; x_wconf 88' lang='lat' dir='ltr'>animarum</span> <span class='ocrx_word' id='word_1_41' title='bbox 473 559 623 594; x_wconf 90' lang='lat' dir='ltr'>omnium</span> <span class='ocrx_word' id='word_1_42' title='bbox 642 558 794 593; x_wconf 89' lang='lat' dir='ltr'>fidelium</span> <span class='ocrx_word' id='word_1_43' title='bbox 814 556 1056 592; x_wconf 83' lang='lat' dir='ltr'>defunctorum</span> <span class='ocrx_word' id='word_1_44' title='bbox 1083 555 1126 591; x_wconf 85' lang='lat' dir='ltr'>ad</span> <span class='ocrx_word' id='word_1_45' title='bbox 1153 555 1289 589; x_wconf 82' lang='lat' dir='ltr'>laudem</span> <span class='ocrx_word' id='word_1_46' title='bbox 1317 561 1352 589; x_wconf 92' lang='lat' dir='ltr'>et</span> <span class='ocrx_word' id='word_1_47' title='bbox 1368 554 1535 589; x_wconf 82' lang='lat' dir='ltr'>honorem</span> <span class='ocrx_word' id='word_1_48' title='bbox 1557 554 1676 588; x_wconf 87' lang='lat' dir='ltr'>Omni-</span> 
     </span>
     <span class='ocr_line' id='line_1_6' title="bbox 213 615 1676 668; baseline -0.005 -12"><span class='ocrx_word' id='word_1_49' title='bbox 213 621 364 668; x_wconf 87' lang='lat' dir='ltr'>potentis</span> <span class='ocrx_word' id='word_1_50' title='bbox 383 621 453 655; x_wconf 91' lang='lat' dir='ltr'>Dei</span> <span class='ocrx_word' id='word_1_51' title='bbox 484 627 519 655; x_wconf 87' lang='lat' dir='ltr'>et</span> <span class='ocrx_word' id='word_1_52' title='bbox 540 620 703 655; x_wconf 89' lang='lat' dir='ltr'>Gloriose</span> <span class='ocrx_word' id='word_1_53' title='bbox 724 618 884 665; x_wconf 78' lang='lat' dir='ltr'>Virginis</span> <span class='ocrx_word' id='word_1_54' title='bbox 912 617 1026 652; x_wconf 89' lang='lat' dir='ltr'>Marie</span> <span class='ocrx_word' id='word_1_55' title='bbox 1054 623 1089 651; x_wconf 88' lang='lat' dir='ltr'>et</span> <span class='ocrx_word' id='word_1_56' title='bbox 1116 616 1216 651; x_wconf 85' lang='lat' dir='ltr'>Beati</span> <span class='ocrx_word' id='word_1_57' title='bbox 1242 615 1412 652; x_wconf 88' lang='lat' dir='ltr'>Johannis</span> <span class='ocrx_word' id='word_1_58' title='bbox 1441 615 1676 661; x_wconf 80' lang='lat' dir='ltr'>Ewangeliste</span> 
     </span>
     <span class='ocr_line' id='line_1_7' title="bbox 214 677 1678 727; baseline -0.004 -11"><span class='ocrx_word' id='word_1_59' title='bbox 214 681 310 716; x_wconf 86' lang='lat' dir='ltr'>cuius</span> <span class='ocrx_word' id='word_1_60' title='bbox 329 681 460 716; x_wconf 82' lang='lat' dir='ltr'>honore</span> <span class='ocrx_word' id='word_1_61' title='bbox 481 687 516 716; x_wconf 86' lang='lat' dir='ltr'>et</span> <span class='ocrx_word' id='word_1_62' title='bbox 533 681 672 715; x_wconf 86' lang='lat' dir='ltr'>nomine</span> <span class='ocrx_word' id='word_1_63' title='bbox 691 680 765 727; x_wconf 88' lang='lat' dir='ltr'>ipsa</span> <span class='ocrx_word' id='word_1_64' title='bbox 782 678 976 713; x_wconf 74' lang='lat' dir='ltr'>intitulatur</span> <span class='ocrx_word' id='word_1_65' title='bbox 996 677 1147 712; x_wconf 84' lang='lat' dir='ltr'>ecclesia</span> <span class='ocrx_word' id='word_1_66' title='bbox 1168 699 1174 704; x_wconf 93' lang='lat'>·</span> <span class='ocrx_word' id='word_1_67' title='bbox 1197 677 1277 712; x_wconf 88' lang='lat' dir='ltr'>dedi</span> <span class='ocrx_word' id='word_1_68' title='bbox 1293 677 1446 712; x_wconf 80' lang='lat' dir='ltr'>concessi</span> <span class='ocrx_word' id='word_1_69' title='bbox 1467 683 1502 711; x_wconf 89' lang='lat' dir='ltr'>et</span> <span class='ocrx_word' id='word_1_70' title='bbox 1519 677 1582 711; x_wconf 85' lang='lat' dir='ltr'>hac</span> <span class='ocrx_word' id='word_1_71' title='bbox 1600 689 1678 723; x_wconf 84' lang='lat' dir='ltr'>pre·-</span> 
     </span>
     <span class='ocr_line' id='line_1_8' title="bbox 214 737 1677 786; baseline -0.005 -8"><span class='ocrx_word' id='word_1_72' title='bbox 214 743 302 778; x_wconf 82' lang='lat' dir='ltr'>senti</span> <span class='ocrx_word' id='word_1_73' title='bbox 322 750 416 778; x_wconf 82' lang='lat' dir='ltr'>carta</span> <span class='ocrx_word' id='word_1_74' title='bbox 434 755 509 777; x_wconf 87' lang='lat' dir='ltr'>mea</span> <span class='ocrx_word' id='word_1_75' title='bbox 528 741 725 777; x_wconf 88' lang='lat' dir='ltr'>confirmaui</span> <span class='ocrx_word' id='word_1_76' title='bbox 749 762 755 767; x_wconf 91' lang='lat'><strong>·</strong></span> <span class='ocrx_word' id='word_1_77' title='bbox 778 739 952 786; x_wconf 81' lang='lat' dir='ltr'>religiosis</span> <span class='ocrx_word' id='word_1_78' title='bbox 971 738 1055 773; x_wconf 86' lang='lat' dir='ltr'>viris</span> <span class='ocrx_word' id='word_1_79' title='bbox 1085 738 1197 772; x_wconf 88' lang='lat' dir='ltr'>Priori</span> <span class='ocrx_word' id='word_1_80' title='bbox 1224 744 1260 773; x_wconf 88' lang='lat' dir='ltr'>et</span> <span class='ocrx_word' id='word_1_81' title='bbox 1286 737 1465 772; x_wconf 81' lang='lat' dir='ltr'>Fratribus</span> <span class='ocrx_word' id='word_1_82' title='bbox 1484 743 1677 772; x_wconf 84' lang='lat' dir='ltr'>conuentus</span> 
     </span>
     <span class='ocr_line' id='line_1_9' title="bbox 213 798 1676 848; baseline -0.004 -10"><span class='ocrx_word' id='word_1_83' title='bbox 213 803 343 838; x_wconf 83' lang='lat' dir='ltr'>ordinis</span> <span class='ocrx_word' id='word_1_84' title='bbox 360 803 618 838; x_wconf 89' lang='lat' dir='ltr'>Predicatorum</span> <span class='ocrx_word' id='word_1_85' title='bbox 634 802 677 836; x_wconf 86' lang='lat' dir='ltr'>de</span> <span class='ocrx_word' id='word_1_86' title='bbox 690 801 825 848; x_wconf 79' lang='lat' dir='ltr'>Glasgv</span> <span class='ocrx_word' id='word_1_87' title='bbox 842 821 848 826; x_wconf 93' lang='lat'><em>-</em></span> <span class='ocrx_word' id='word_1_88' title='bbox 865 800 922 847; x_wconf 89' lang='lat' dir='ltr'>qui</span> <span class='ocrx_word' id='word_1_89' title='bbox 934 813 997 847; x_wconf 88' lang='lat' dir='ltr'>pro</span> <span class='ocrx_word' id='word_1_90' title='bbox 1012 805 1169 846; x_wconf 87' lang='lat' dir='ltr'>tempore</span> <span class='ocrx_word' id='word_1_91' title='bbox 1183 799 1315 834; x_wconf 85' lang='lat' dir='ltr'>fuerint</span> <span class='ocrx_word' id='word_1_92' title='bbox 1328 799 1371 833; x_wconf 87' lang='lat' dir='ltr'>ad</span> <span class='ocrx_word' id='word_1_93' title='bbox 1386 798 1676 833; x_wconf 84' lang='lat' dir='ltr'>sustentacionem</span> 
     </span>
     <span class='ocr_line' id='line_1_10' title="bbox 214 859 1679 912; baseline -0.004 -13"><span class='ocrx_word' id='word_1_94' title='bbox 214 864 517 912; x_wconf 85' lang='lat' dir='ltr'>subportacionem</span> <span class='ocrx_word' id='word_1_95' title='bbox 537 870 572 898; x_wconf 88' lang='lat' dir='ltr'>et</span> <span class='ocrx_word' id='word_1_96' title='bbox 598 862 827 897; x_wconf 87' lang='lat' dir='ltr'>necessariam</span> <span class='ocrx_word' id='word_1_97' title='bbox 855 861 1114 908; x_wconf 86' lang='lat' dir='ltr'>reparacionem</span> <span class='ocrx_word' id='word_1_98' title='bbox 1136 860 1283 895; x_wconf 78' lang='lat' dir='ltr'>ecclesie</span> <span class='ocrx_word' id='word_1_99' title='bbox 1302 860 1470 894; x_wconf 88' lang='lat' dir='ltr'>dictorum</span> <span class='ocrx_word' id='word_1_100' title='bbox 1491 859 1650 894; x_wconf 75' lang='lat' dir='ltr'>Fratrum</span> <span class='ocrx_word' id='word_1_101' title='bbox 1673 878 1679 885; x_wconf 87' lang='lat'><strong>·</strong></span> 
     </span>
     <span class='ocr_line' id='line_1_11' title="bbox 213 921 1676 970; baseline -0.004 -10"><span class='ocrx_word' id='word_1_102' title='bbox 213 926 302 960; x_wconf 82' lang='lat' dir='ltr'>infra</span> <span class='ocrx_word' id='word_1_103' title='bbox 320 925 435 959; x_wconf 83' lang='lat' dir='ltr'>villam</span> <span class='ocrx_word' id='word_1_104' title='bbox 454 925 497 959; x_wconf 90' lang='lat' dir='ltr'>de</span> <span class='ocrx_word' id='word_1_105' title='bbox 520 924 655 970; x_wconf 82' lang='lat' dir='ltr'>Glasgv</span> <span class='ocrx_word' id='word_1_106' title='bbox 677 944 683 949; x_wconf 93' lang='lat'>-</span> <span class='ocrx_word' id='word_1_107' title='bbox 707 935 843 958; x_wconf 87' lang='lat' dir='ltr'>necnon</span> <span class='ocrx_word' id='word_1_108' title='bbox 864 928 1144 957; x_wconf 79' lang='lat' dir='ltr'>ornamentorum</span> <span class='ocrx_word' id='word_1_109' title='bbox 1163 921 1364 969; x_wconf 85' lang='lat' dir='ltr'>principalis</span> <span class='ocrx_word' id='word_1_110' title='bbox 1382 921 1499 956; x_wconf 86' lang='lat' dir='ltr'>altaris</span> <span class='ocrx_word' id='word_1_111' title='bbox 1522 921 1676 955; x_wconf 84' lang='lat' dir='ltr'>eiusdem</span> 
     </span>
     <span class='ocr_line' id='line_1_12' title="bbox 214 983 1679 1033; baseline -0.003 -12"><span class='ocrx_word' id='word_1_112' title='bbox 214 987 361 1021; x_wconf 85' lang='lat' dir='ltr'>ecclesie</span> <span class='ocrx_word' id='word_1_113' title='bbox 379 998 442 1033; x_wconf 86' lang='lat' dir='ltr'>pro</span> <span class='ocrx_word' id='word_1_114' title='bbox 461 985 691 1032; x_wconf 84' lang='lat' dir='ltr'>disposicione</span> <span class='ocrx_word' id='word_1_115' title='bbox 710 984 862 1031; x_wconf 86' lang='lat' dir='ltr'>ipsorum</span> <span class='ocrx_word' id='word_1_116' title='bbox 891 983 1021 1018; x_wconf 88' lang='lat' dir='ltr'>Prioris</span> <span class='ocrx_word' id='word_1_117' title='bbox 1049 990 1084 1018; x_wconf 91' lang='lat' dir='ltr'>et</span> <span class='ocrx_word' id='word_1_118' title='bbox 1102 989 1296 1018; x_wconf 87' lang='lat' dir='ltr'>conuentus</span> <span class='ocrx_word' id='word_1_119' title='bbox 1319 1004 1324 1009; x_wconf 90' lang='lat'><em>·</em></span> <span class='ocrx_word' id='word_1_120' title='bbox 1348 989 1459 1017; x_wconf 85' lang='lat' dir='ltr'>terras</span> <span class='ocrx_word' id='word_1_121' title='bbox 1478 988 1679 1016; x_wconf 82' lang='lat' dir='ltr'>tenementa</span> 
     </span>
     <span class='ocr_line' id='line_1_13' title="bbox 213 1043 1677 1092; baseline -0.003 -11"><span class='ocrx_word' id='word_1_122' title='bbox 213 1054 248 1081; x_wconf 86' lang='lat' dir='ltr'>et</span> <span class='ocrx_word' id='word_1_123' title='bbox 262 1059 394 1082; x_wconf 86' lang='lat' dir='ltr'>annuos</span> <span class='ocrx_word' id='word_1_124' title='bbox 409 1046 566 1081; x_wconf 83' lang='lat' dir='ltr'>redditus</span> <span class='ocrx_word' id='word_1_125' title='bbox 580 1044 818 1092; x_wconf 81' lang='lat' dir='ltr'>infrascriptos</span> <span class='ocrx_word' id='word_1_126' title='bbox 840 1066 846 1071; x_wconf 94' lang='lat'>·</span> <span class='ocrx_word' id='word_1_127' title='bbox 863 1044 1028 1079; x_wconf 87' lang='lat' dir='ltr'>videlicet</span> <span class='ocrx_word' id='word_1_128' title='bbox 1050 1065 1055 1071; x_wconf 92' lang='lat'><strong>·</strong></span> <span class='ocrx_word' id='word_1_129' title='bbox 1080 1044 1336 1079; x_wconf 87' lang='lat' dir='ltr'>Tenementum</span> <span class='ocrx_word' id='word_1_130' title='bbox 1354 1043 1498 1078; x_wconf 89' lang='lat' dir='ltr'>Martini</span> <span class='ocrx_word' id='word_1_131' title='bbox 1516 1043 1650 1078; x_wconf 84' lang='lat' dir='ltr'>Sutoris</span> <span class='ocrx_word' id='word_1_132' title='bbox 1673 1064 1677 1069; x_wconf 94' lang='lat'>·</span> 
     </span>
     <span class='ocr_line' id='line_1_14' title="bbox 212 1104 1676 1155; baseline -0.003 -13"><span class='ocrx_word' id='word_1_133' title='bbox 212 1108 246 1142; x_wconf 92' lang='lat' dir='ltr'>in</span> <span class='ocrx_word' id='word_1_134' title='bbox 266 1120 333 1155; x_wconf 92' lang='lat' dir='ltr'>quo</span> <span class='ocrx_word' id='word_1_135' title='bbox 353 1113 468 1141; x_wconf 78' lang='lat' dir='ltr'>manet</span> <span class='ocrx_word' id='word_1_136' title='bbox 487 1107 529 1141; x_wconf 80' lang='lat' dir='ltr'>(le</span> <span class='ocrx_word' id='word_1_137' title='bbox 548 1106 704 1153; x_wconf 79' lang='lat' dir='ltr'>presenti</span> <span class='ocrx_word' id='word_1_138' title='bbox 723 1106 766 1140; x_wconf 91' lang='lat' dir='ltr'>de</span> <span class='ocrx_word' id='word_1_139' title='bbox 785 1118 853 1152; x_wconf 90' lang='lat' dir='ltr'>quo</span> <span class='ocrx_word' id='word_1_140' title='bbox 872 1105 976 1140; x_wconf 83' lang='lat' dir='ltr'>soluit</span> <span class='ocrx_word' id='word_1_141' title='bbox 990 1105 1134 1152; x_wconf 81' lang='lat' dir='ltr'>triginta</span> <span class='ocrx_word' id='word_1_142' title='bbox 1148 1105 1308 1140; x_wconf 86' lang='lat' dir='ltr'>denarios</span> <span class='ocrx_word' id='word_1_143' title='bbox 1329 1117 1392 1152; x_wconf 88' lang='lat' dir='ltr'>per</span> <span class='ocrx_word' id='word_1_144' title='bbox 1411 1117 1537 1139; x_wconf 88' lang='lat' dir='ltr'>annum</span> <span class='ocrx_word' id='word_1_145' title='bbox 1560 1125 1566 1130; x_wconf 90' lang='lat'>-</span> <span class='ocrx_word' id='word_1_146' title='bbox 1591 1104 1676 1139; x_wconf 85' lang='lat' dir='ltr'>Item</span> 
     </span>
     <span class='ocr_line' id='line_1_15' title="bbox 213 1166 1679 1217; baseline -0.003 -13"><span class='ocrx_word' id='word_1_147' title='bbox 213 1177 345 1217; x_wconf 78' lang='lat' dir='ltr'>septem</span> <span class='ocrx_word' id='word_1_148' title='bbox 365 1169 465 1215; x_wconf 81' lang='lat' dir='ltr'>rigga</span> <span class='ocrx_word' id='word_1_149' title='bbox 483 1169 629 1203; x_wconf 83' lang='lat' dir='ltr'>iacentia</span> <span class='ocrx_word' id='word_1_150' title='bbox 648 1168 681 1202; x_wconf 88' lang='lat' dir='ltr'>in</span> <span class='ocrx_word' id='word_1_151' title='bbox 701 1181 820 1215; x_wconf 91' lang='lat' dir='ltr'>campo</span> <span class='ocrx_word' id='word_1_152' title='bbox 841 1168 883 1202; x_wconf 87' lang='lat' dir='ltr'>de</span> <span class='ocrx_word' id='word_1_153' title='bbox 905 1167 1086 1202; x_wconf 85' lang='lat' dir='ltr'>Bromilaw</span> <span class='ocrx_word' id='word_1_154' title='bbox 1110 1188 1115 1194; x_wconf 93' lang='lat'>·</span> <span class='ocrx_word' id='word_1_155' title='bbox 1138 1167 1230 1202; x_wconf 90' lang='lat' dir='ltr'>inter</span> <span class='ocrx_word' id='word_1_156' title='bbox 1244 1174 1369 1202; x_wconf 88' lang='lat' dir='ltr'>terram</span> <span class='ocrx_word' id='word_1_157' title='bbox 1386 1167 1515 1201; x_wconf 89' lang='lat' dir='ltr'>domini</span> <span class='ocrx_word' id='word_1_158' title='bbox 1532 1166 1679 1201; x_wconf 86' lang='lat' dir='ltr'>Walteri</span> 
     </span>
     <span class='ocr_line' id='line_1_16' title="bbox 213 1228 1678 1277; baseline -0.003 -12"><span class='ocrx_word' id='word_1_159' title='bbox 213 1231 256 1266; x_wconf 90' lang='lat' dir='ltr'>de</span> <span class='ocrx_word' id='word_1_160' title='bbox 278 1231 390 1264; x_wconf 73' lang='lat' dir='ltr'>Roule</span> <span class='ocrx_word' id='word_1_161' title='bbox 410 1243 452 1264; x_wconf 86' lang='lat' dir='ltr'>ex</span> <span class='ocrx_word' id='word_1_162' title='bbox 472 1237 570 1277; x_wconf 82' lang='lat' dir='ltr'>parte</span> <span class='ocrx_word' id='word_1_163' title='bbox 590 1229 749 1264; x_wconf 83' lang='lat' dir='ltr'>orientali</span> <span class='ocrx_word' id='word_1_164' title='bbox 769 1235 804 1264; x_wconf 89' lang='lat' dir='ltr'>et</span> <span class='ocrx_word' id='word_1_165' title='bbox 822 1235 949 1264; x_wconf 80' lang='lat' dir='ltr'>terram</span> <span class='ocrx_word' id='word_1_166' title='bbox 971 1229 1097 1264; x_wconf 85' lang='lat' dir='ltr'>Sancte</span> <span class='ocrx_word' id='word_1_167' title='bbox 1127 1229 1240 1263; x_wconf 85' lang='lat' dir='ltr'>Marie</span> <span class='ocrx_word' id='word_1_168' title='bbox 1263 1241 1364 1276; x_wconf 88' lang='lat' dir='ltr'>quam</span> <span class='ocrx_word' id='word_1_169' title='bbox 1391 1228 1546 1275; x_wconf 83' lang='lat' dir='ltr'>possidet</span> <span class='ocrx_word' id='word_1_170' title='bbox 1572 1228 1678 1262; x_wconf 88' lang='lat' dir='ltr'>domi-</span> 
     </span>
     <span class='ocr_line' id='line_1_17' title="bbox 213 1289 1678 1337; baseline -0.002 -11"><span class='ocrx_word' id='word_1_171' title='bbox 213 1305 276 1326; x_wconf 85' lang='lat' dir='ltr'>nus</span> <span class='ocrx_word' id='word_1_172' title='bbox 294 1291 473 1327; x_wconf 86' lang='lat' dir='ltr'>Johannes</span> <span class='ocrx_word' id='word_1_173' title='bbox 495 1290 689 1337; x_wconf 80' lang='lat' dir='ltr'>Wysehard</span> <span class='ocrx_word' id='word_1_174' title='bbox 709 1303 754 1325; x_wconf 81' lang='lat' dir='ltr'>ex</span> <span class='ocrx_word' id='word_1_175' title='bbox 771 1296 869 1337; x_wconf 82' lang='lat' dir='ltr'>parte</span> <span class='ocrx_word' id='word_1_176' title='bbox 885 1290 1091 1325; x_wconf 87' lang='lat' dir='ltr'>occidentali</span> <span class='ocrx_word' id='word_1_177' title='bbox 1113 1311 1119 1316; x_wconf 93' lang='lat'>·</span> <span class='ocrx_word' id='word_1_178' title='bbox 1143 1290 1231 1324; x_wconf 80' lang='lat' dir='ltr'>[tem</span> <span class='ocrx_word' id='word_1_179' title='bbox 1248 1302 1351 1324; x_wconf 80' lang='lat' dir='ltr'>vnum</span> <span class='ocrx_word' id='word_1_180' title='bbox 1371 1289 1481 1336; x_wconf 79' lang='lat' dir='ltr'>rigum</span> <span class='ocrx_word' id='word_1_181' title='bbox 1502 1289 1535 1323; x_wconf 93' lang='lat' dir='ltr'>in</span> <span class='ocrx_word' id='word_1_182' title='bbox 1557 1289 1678 1323; x_wconf 89' lang='lat' dir='ltr'>eodem</span> 
     </span>
     <span class='ocr_line' id='line_1_18' title="bbox 213 1350 1679 1400; baseline -0.002 -13"><span class='ocrx_word' id='word_1_183' title='bbox 213 1351 353 1400; x_wconf 71' lang='lat' dir='ltr'>[camlpo</span> <span class='ocrx_word' id='word_1_184' title='bbox 377 1352 497 1399; x_wconf 83' lang='lat' dir='ltr'>jacens</span> <span class='ocrx_word' id='word_1_185' title='bbox 519 1373 523 1378; x_wconf 87' lang='lat'><em>-</em></span> <span class='ocrx_word' id='word_1_186' title='bbox 549 1352 638 1386; x_wconf 90' lang='lat' dir='ltr'>inter</span> <span class='ocrx_word' id='word_1_187' title='bbox 654 1358 781 1386; x_wconf 89' lang='lat' dir='ltr'>terram</span> <span class='ocrx_word' id='word_1_188' title='bbox 796 1351 924 1386; x_wconf 87' lang='lat' dir='ltr'>domini</span> <span class='ocrx_word' id='word_1_189' title='bbox 942 1351 1088 1386; x_wconf 83' lang='lat' dir='ltr'>Walteri</span> <span class='ocrx_word' id='word_1_190' title='bbox 1104 1351 1146 1385; x_wconf 84' lang='lat' dir='ltr'>dc</span> <span class='ocrx_word' id='word_1_191' title='bbox 1164 1351 1277 1386; x_wconf 81' lang='lat' dir='ltr'>Roule</span> <span class='ocrx_word' id='word_1_192' title='bbox 1297 1363 1343 1385; x_wconf 75' lang='lat' dir='ltr'>ex</span> <span class='ocrx_word' id='word_1_193' title='bbox 1356 1357 1454 1398; x_wconf 85' lang='lat' dir='ltr'>parte</span> <span class='ocrx_word' id='word_1_194' title='bbox 1474 1350 1679 1385; x_wconf 86' lang='lat' dir='ltr'>occidentali</span> 
     </span>
     <span class='ocr_line' id='line_1_19' title="bbox 213 1411 1680 1460; baseline -0.002 -11"><span class='ocrx_word' id='word_1_195' title='bbox 213 1421 248 1449; x_wconf 86' lang='lat' dir='ltr'>et</span> <span class='ocrx_word' id='word_1_196' title='bbox 266 1421 393 1449; x_wconf 85' lang='lat' dir='ltr'>terram</span> <span class='ocrx_word' id='word_1_197' title='bbox 414 1413 567 1460; x_wconf 80' lang='lat' dir='ltr'>Agnetis</span> <span class='ocrx_word' id='word_1_198' title='bbox 587 1413 728 1448; x_wconf 87' lang='lat' dir='ltr'>Broune</span> <span class='ocrx_word' id='word_1_199' title='bbox 748 1425 793 1447; x_wconf 76' lang='lat' dir='ltr'>ex</span> <span class='ocrx_word' id='word_1_200' title='bbox 810 1418 909 1460; x_wconf 86' lang='lat' dir='ltr'>parte</span> <span class='ocrx_word' id='word_1_201' title='bbox 929 1412 1089 1447; x_wconf 83' lang='lat' dir='ltr'>orientali</span> <span class='ocrx_word' id='word_1_202' title='bbox 1116 1425 1199 1459; x_wconf 86' lang='lat' dir='ltr'>quas</span> <span class='ocrx_word' id='word_1_203' title='bbox 1225 1418 1335 1447; x_wconf 81' lang='lat' dir='ltr'>terras</span> <span class='ocrx_word' id='word_1_204' title='bbox 1355 1417 1453 1446; x_wconf 90' lang='lat' dir='ltr'>tenet</span> <span class='ocrx_word' id='word_1_205' title='bbox 1471 1417 1507 1446; x_wconf 88' lang='lat' dir='ltr'>et</span> <span class='ocrx_word' id='word_1_206' title='bbox 1524 1411 1680 1458; x_wconf 83' lang='lat' dir='ltr'>possidet</span> 
     </span>
     <span class='ocr_line' id='line_1_20' title="bbox 213 1472 1677 1520; baseline -0.001 -12"><span class='ocrx_word' id='word_1_207' title='bbox 213 1475 302 1510; x_wconf 86' lang='lat' dir='ltr'>idem</span> <span class='ocrx_word' id='word_1_208' title='bbox 324 1474 498 1509; x_wconf 87' lang='lat' dir='ltr'>Martinus</span> <span class='ocrx_word' id='word_1_209' title='bbox 520 1474 622 1508; x_wconf 86' lang='lat' dir='ltr'>Sutor</span> <span class='ocrx_word' id='word_1_210' title='bbox 645 1495 650 1500; x_wconf 93' lang='lat'>·</span> <span class='ocrx_word' id='word_1_211' title='bbox 674 1474 715 1508; x_wconf 89' lang='lat' dir='ltr'>ad</span> <span class='ocrx_word' id='word_1_212' title='bbox 734 1473 919 1509; x_wconf 84' lang='lat' dir='ltr'>terminum</span> <span class='ocrx_word' id='word_1_213' title='bbox 939 1479 1085 1520; x_wconf 86' lang='lat' dir='ltr'>quatuor</span> <span class='ocrx_word' id='word_1_214' title='bbox 1105 1486 1271 1508; x_wconf 86' lang='lat' dir='ltr'>annorum</span> <span class='ocrx_word' id='word_1_215' title='bbox 1287 1486 1306 1507; x_wconf 91' lang='lat' dir='ltr'>a</span> <span class='ocrx_word' id='word_1_216' title='bbox 1325 1473 1430 1508; x_wconf 88' lang='lat' dir='ltr'>Festo</span> <span class='ocrx_word' id='word_1_217' title='bbox 1448 1473 1564 1508; x_wconf 85' lang='lat' dir='ltr'>Sancti</span> <span class='ocrx_word' id='word_1_218' title='bbox 1584 1472 1677 1507; x_wconf 82' lang='lat' dir='ltr'>Mar-</span> 
     </span>
     <span class='ocr_line' id='line_1_21' title="bbox 213 1533 1677 1582; baseline -0.002 -12"><span class='ocrx_word' id='word_1_219' title='bbox 213 1536 275 1570; x_wconf 85' lang='lat' dir='ltr'>tini</span> <span class='ocrx_word' id='word_1_220' title='bbox 294 1536 451 1582; x_wconf 90' lang='lat' dir='ltr'>proximo</span> <span class='ocrx_word' id='word_1_221' title='bbox 470 1535 535 1570; x_wconf 89' lang='lat' dir='ltr'>iam</span> <span class='ocrx_word' id='word_1_222' title='bbox 553 1535 670 1570; x_wconf 85' lang='lat' dir='ltr'>futuro</span> <span class='ocrx_word' id='word_1_223' title='bbox 689 1535 859 1570; x_wconf 88' lang='lat' dir='ltr'>soluendo</span> <span class='ocrx_word' id='word_1_224' title='bbox 882 1535 962 1569; x_wconf 89' lang='lat' dir='ltr'>inde</span> <span class='ocrx_word' id='word_1_225' title='bbox 991 1534 1166 1569; x_wconf 85' lang='lat' dir='ltr'>annuatim</span> <span class='ocrx_word' id='word_1_226' title='bbox 1193 1534 1345 1581; x_wconf 87' lang='lat' dir='ltr'>quinque</span> <span class='ocrx_word' id='word_1_227' title='bbox 1373 1533 1500 1568; x_wconf 85' lang='lat' dir='ltr'>solidos</span> <span class='ocrx_word' id='word_1_228' title='bbox 1528 1534 1677 1580; x_wconf 83' lang='lat' dir='ltr'>sterlyn-</span> 
     </span>
     <span class='ocr_line' id='line_1_22' title="bbox 212 1594 1677 1643; baseline -0.001 -12"><span class='ocrx_word' id='word_1_229' title='bbox 212 1609 335 1643; x_wconf 79' lang='lat' dir='ltr'>gorum</span> <span class='ocrx_word' id='word_1_230' title='bbox 357 1618 363 1623; x_wconf 93' lang='lat'><em>-</em></span> <span class='ocrx_word' id='word_1_231' title='bbox 387 1597 474 1631; x_wconf 85' lang='lat' dir='ltr'>Item</span> <span class='ocrx_word' id='word_1_232' title='bbox 502 1597 568 1630; x_wconf 85' lang='lat' dir='ltr'>tria</span> <span class='ocrx_word' id='word_1_233' title='bbox 594 1596 696 1643; x_wconf 71' lang='lat' dir='ltr'>rigga</span> <span class='ocrx_word' id='word_1_234' title='bbox 718 1596 870 1643; x_wconf 84' lang='lat' dir='ltr'>jacentia</span> <span class='ocrx_word' id='word_1_235' title='bbox 896 1596 929 1630; x_wconf 91' lang='lat' dir='ltr'>in</span> <span class='ocrx_word' id='word_1_236' title='bbox 958 1608 1078 1642; x_wconf 84' lang='lat' dir='ltr'>campo</span> <span class='ocrx_word' id='word_1_237' title='bbox 1102 1596 1160 1642; x_wconf 92' lang='lat' dir='ltr'>qui</span> <span class='ocrx_word' id='word_1_238' title='bbox 1179 1595 1305 1629; x_wconf 81' lang='lat' dir='ltr'>dicitur</span> <span class='ocrx_word' id='word_1_239' title='bbox 1327 1616 1333 1622; x_wconf 87' lang='lat'><strong>·</strong></span> <span class='ocrx_word' id='word_1_240' title='bbox 1356 1595 1389 1629; x_wconf 92' lang='lat' dir='ltr'>le</span> <span class='ocrx_word' id='word_1_241' title='bbox 1409 1594 1559 1642; x_wconf 86' lang='lat' dir='ltr'>Croupis</span> <span class='ocrx_word' id='word_1_242' title='bbox 1582 1616 1587 1622; x_wconf 90' lang='lat'><strong>·</strong></span> <span class='ocrx_word' id='word_1_243' title='bbox 1611 1608 1677 1642; x_wconf 80' lang='lat' dir='ltr'>que</span> 
     </span>
     <span class='ocr_line' id='line_1_23' title="bbox 212 1655 1674 1703; baseline -0.001 -12"><span class='ocrx_word' id='word_1_244' title='bbox 212 1670 303 1693; x_wconf 87' lang='lat' dir='ltr'>nunc</span> <span class='ocrx_word' id='word_1_245' title='bbox 329 1664 428 1692; x_wconf 88' lang='lat' dir='ltr'>tenet</span> <span class='ocrx_word' id='word_1_246' title='bbox 457 1657 626 1692; x_wconf 83' lang='lat' dir='ltr'>Ricardus</span> <span class='ocrx_word' id='word_1_247' title='bbox 655 1657 780 1692; x_wconf 86' lang='lat' dir='ltr'>Schort</span> <span class='ocrx_word' id='word_1_248' title='bbox 806 1657 986 1692; x_wconf 89' lang='lat' dir='ltr'>reddendo</span> <span class='ocrx_word' id='word_1_249' title='bbox 1017 1657 1098 1691; x_wconf 86' lang='lat' dir='ltr'>inde</span> <span class='ocrx_word' id='word_1_250' title='bbox 1131 1656 1274 1703; x_wconf 82' lang='lat' dir='ltr'>triginta</span> <span class='ocrx_word' id='word_1_251' title='bbox 1292 1655 1452 1690; x_wconf 85' lang='lat' dir='ltr'>denarios</span> <span class='ocrx_word' id='word_1_252' title='bbox 1471 1656 1647 1690; x_wconf 77' lang='lat' dir='ltr'>annuatim</span> <span class='ocrx_word' id='word_1_253' title='bbox 1669 1678 1674 1683; x_wconf 90' lang='lat'>-</span> 
     </span>
     <span class='ocr_line' id='line_1_24' title="bbox 214 1717 1678 1765; baseline -0.001 -12"><span class='ocrx_word' id='word_1_254' title='bbox 214 1719 300 1753; x_wconf 87' lang='lat' dir='ltr'>Item</span> <span class='ocrx_word' id='word_1_255' title='bbox 321 1731 385 1753; x_wconf 80' lang='lat' dir='ltr'>sex</span> <span class='ocrx_word' id='word_1_256' title='bbox 403 1718 531 1753; x_wconf 89' lang='lat' dir='ltr'>solidos</span> <span class='ocrx_word' id='word_1_257' title='bbox 551 1724 586 1753; x_wconf 85' lang='lat' dir='ltr'>et</span> <span class='ocrx_word' id='word_1_258' title='bbox 603 1718 688 1753; x_wconf 85' lang='lat' dir='ltr'>duas</span> <span class='ocrx_word' id='word_1_259' title='bbox 707 1718 818 1753; x_wconf 86' lang='lat' dir='ltr'>dietas</span> <span class='ocrx_word' id='word_1_260' title='bbox 835 1718 870 1752; x_wconf 89' lang='lat' dir='ltr'>in</span> <span class='ocrx_word' id='word_1_261' title='bbox 890 1725 1077 1765; x_wconf 86' lang='lat' dir='ltr'>autumpno</span> <span class='ocrx_word' id='word_1_262' title='bbox 1096 1717 1232 1752; x_wconf 89' lang='lat' dir='ltr'>debitos</span> <span class='ocrx_word' id='word_1_263' title='bbox 1252 1717 1326 1752; x_wconf 88' lang='lat' dir='ltr'>siue</span> <span class='ocrx_word' id='word_1_264' title='bbox 1342 1723 1513 1752; x_wconf 88' lang='lat' dir='ltr'>exeuntes</span> <span class='ocrx_word' id='word_1_265' title='bbox 1533 1717 1576 1751; x_wconf 91' lang='lat' dir='ltr'>de</span> <span class='ocrx_word' id='word_1_266' title='bbox 1597 1730 1678 1763; x_wconf 83' lang='lat' dir='ltr'>quo-</span> 
     </span>
     <span class='ocr_line' id='line_1_25' title="bbox 213 1778 1678 1826; baseline -0.001 -12"><span class='ocrx_word' id='word_1_267' title='bbox 213 1780 290 1814; x_wconf 86' lang='lat' dir='ltr'>dam</span> <span class='ocrx_word' id='word_1_268' title='bbox 304 1785 506 1814; x_wconf 86' lang='lat' dir='ltr'>tenemento</span> <span class='ocrx_word' id='word_1_269' title='bbox 521 1780 660 1826; x_wconf 87' lang='lat' dir='ltr'>jacente</span> <span class='ocrx_word' id='word_1_270' title='bbox 678 1780 712 1814; x_wconf 91' lang='lat' dir='ltr'>in</span> <span class='ocrx_word' id='word_1_271' title='bbox 734 1779 866 1826; x_wconf 81' lang='lat' dir='ltr'>Magna</span> <span class='ocrx_word' id='word_1_272' title='bbox 883 1779 952 1814; x_wconf 87' lang='lat' dir='ltr'>Via</span> <span class='ocrx_word' id='word_1_273' title='bbox 966 1791 1010 1814; x_wconf 87' lang='lat' dir='ltr'>ex</span> <span class='ocrx_word' id='word_1_274' title='bbox 1025 1785 1122 1826; x_wconf 85' lang='lat' dir='ltr'>parte</span> <span class='ocrx_word' id='word_1_275' title='bbox 1142 1778 1274 1813; x_wconf 83' lang='lat' dir='ltr'>boreali</span> <span class='ocrx_word' id='word_1_276' title='bbox 1292 1778 1384 1813; x_wconf 86' lang='lat' dir='ltr'>dicte</span> <span class='ocrx_word' id='word_1_277' title='bbox 1399 1778 1455 1813; x_wconf 89' lang='lat' dir='ltr'>vie</span> <span class='ocrx_word' id='word_1_278' title='bbox 1473 1778 1565 1825; x_wconf 90' lang='lat' dir='ltr'>quod</span> <span class='ocrx_word' id='word_1_279' title='bbox 1581 1784 1678 1813; x_wconf 83' lang='lat' dir='ltr'>tenet</span> 
     </span>
     <span class='ocr_line' id='line_1_26' title="bbox 217 1839 1676 1887; baseline -0.001 -11"><span class='ocrx_word' id='word_1_280' title='bbox 217 1841 400 1877; x_wconf 87' lang='lat' dir='ltr'>Gilbertus</span> <span class='ocrx_word' id='word_1_281' title='bbox 419 1841 509 1876; x_wconf 86' lang='lat' dir='ltr'>filius</span> <span class='ocrx_word' id='word_1_282' title='bbox 532 1841 690 1876; x_wconf 87' lang='lat' dir='ltr'>Gilmore</span> <span class='ocrx_word' id='word_1_283' title='bbox 712 1841 746 1875; x_wconf 89' lang='lat' dir='ltr'>in</span> <span class='ocrx_word' id='word_1_284' title='bbox 765 1841 868 1876; x_wconf 85' lang='lat' dir='ltr'>feodo</span> <span class='ocrx_word' id='word_1_285' title='bbox 887 1841 930 1876; x_wconf 87' lang='grc'>(18</span> <span class='ocrx_word' id='word_1_286' title='bbox 948 1841 1108 1877; x_wconf 86' lang='lat' dir='ltr'>Johanne</span> <span class='ocrx_word' id='word_1_287' title='bbox 1128 1841 1171 1875; x_wconf 90' lang='lat' dir='ltr'>de</span> <span class='ocrx_word' id='word_1_288' title='bbox 1195 1840 1319 1876; x_wconf 86' lang='lat' dir='ltr'>Govan</span> <span class='ocrx_word' id='word_1_289' title='bbox 1340 1839 1537 1887; x_wconf 84' lang='lat' dir='ltr'>supradicto</span> <span class='ocrx_word' id='word_1_290' title='bbox 1559 1860 1565 1866; x_wconf 87' lang='lat'><strong>·</strong></span> <span class='ocrx_word' id='word_1_291' title='bbox 1590 1840 1676 1874; x_wconf 87' lang='lat' dir='ltr'>Item</span> 
     </span>
     <span class='ocr_line' id='line_1_27' title="bbox 214 1901 1677 1950; baseline -0.001 -14"><span class='ocrx_word' id='word_1_292' title='bbox 214 1903 442 1950; x_wconf 83' lang='lat' dir='ltr'>quadraginta</span> <span class='ocrx_word' id='word_1_293' title='bbox 472 1903 633 1937; x_wconf 86' lang='lat' dir='ltr'>denarios</span> <span class='ocrx_word' id='word_1_294' title='bbox 665 1903 770 1937; x_wconf 87' lang='lat' dir='ltr'>annui</span> <span class='ocrx_word' id='word_1_295' title='bbox 801 1902 959 1937; x_wconf 86' lang='lat' dir='ltr'>redditus</span> <span class='ocrx_word' id='word_1_296' title='bbox 986 1902 1093 1937; x_wconf 87' lang='lat' dir='ltr'>debiti</span> <span class='ocrx_word' id='word_1_297' title='bbox 1125 1901 1199 1936; x_wconf 86' lang='lat' dir='ltr'>siue</span> <span class='ocrx_word' id='word_1_298' title='bbox 1226 1901 1388 1936; x_wconf 85' lang='lat' dir='ltr'>exeuntis</span> <span class='ocrx_word' id='word_1_299' title='bbox 1415 1901 1458 1936; x_wconf 88' lang='lat' dir='ltr'>de</span> <span class='ocrx_word' id='word_1_300' title='bbox 1486 1913 1554 1935; x_wconf 85' lang='lat' dir='ltr'>vno</span> <span class='ocrx_word' id='word_1_301' title='bbox 1581 1907 1677 1935; x_wconf 86' lang='lat' dir='ltr'>tene-</span> 
     </span>
     <span class='ocr_line' id='line_1_28' title="bbox 214 1961 1679 2010; baseline -0.001 -13"><span class='ocrx_word' id='word_1_302' title='bbox 214 1969 330 1998; x_wconf 86' lang='lat' dir='ltr'>mento</span> <span class='ocrx_word' id='word_1_303' title='bbox 354 1963 492 2010; x_wconf 84' lang='lat' dir='ltr'>jacente</span> <span class='ocrx_word' id='word_1_304' title='bbox 511 1963 544 1997; x_wconf 87' lang='lat' dir='ltr'>in</span> <span class='ocrx_word' id='word_1_305' title='bbox 566 1963 656 1998; x_wconf 84' lang='lat' dir='ltr'>Vico</span> <span class='ocrx_word' id='word_1_306' title='bbox 677 1963 890 1998; x_wconf 82' lang='lat' dir='ltr'>Piseatorum</span> <span class='ocrx_word' id='word_1_307' title='bbox 909 1976 955 1998; x_wconf 83' lang='lat' dir='ltr'>ex</span> <span class='ocrx_word' id='word_1_308' title='bbox 981 1969 1078 2010; x_wconf 88' lang='lat' dir='ltr'>parte</span> <span class='ocrx_word' id='word_1_309' title='bbox 1097 1962 1258 1997; x_wconf 84' lang='lat' dir='ltr'>orientali</span> <span class='ocrx_word' id='word_1_310' title='bbox 1276 1962 1359 1997; x_wconf 85' lang='lat' dir='ltr'>dicti</span> <span class='ocrx_word' id='word_1_311' title='bbox 1377 1961 1442 1997; x_wconf 88' lang='lat' dir='ltr'>vici</span> <span class='ocrx_word' id='word_1_312' title='bbox 1462 1961 1554 2008; x_wconf 89' lang='lat' dir='ltr'>quod</span> <span class='ocrx_word' id='word_1_313' title='bbox 1580 1967 1679 1996; x_wconf 87' lang='lat' dir='ltr'>tenet</span> 
     </span>
     <span class='ocr_line' id='line_1_29' title="bbox 216 2023 1677 2069; baseline -0.001 -12"><span class='ocrx_word' id='word_1_314' title='bbox 216 2023 380 2058; x_wconf 83' lang='lat' dir='ltr'>Muriella</span> <span class='ocrx_word' id='word_1_315' title='bbox 399 2037 495 2058; x_wconf 90' lang='lat' dir='ltr'>soror</span> <span class='ocrx_word' id='word_1_316' title='bbox 512 2023 682 2059; x_wconf 83' lang='lat' dir='ltr'>Johannis</span> <span class='ocrx_word' id='word_1_317' title='bbox 702 2024 869 2059; x_wconf 77' lang='lat' dir='ltr'>Textoris</span> <span class='ocrx_word' id='word_1_318' title='bbox 888 2024 921 2058; x_wconf 91' lang='lat' dir='ltr'>in</span> <span class='ocrx_word' id='word_1_319' title='bbox 940 2024 1043 2059; x_wconf 88' lang='lat' dir='ltr'>feodo</span> <span class='ocrx_word' id='word_1_320' title='bbox 1066 2045 1071 2050; x_wconf 91' lang='lat'>·</span> <span class='ocrx_word' id='word_1_321' title='bbox 1096 2024 1184 2058; x_wconf 88' lang='lat' dir='ltr'>Item</span> <span class='ocrx_word' id='word_1_322' title='bbox 1204 2036 1308 2058; x_wconf 83' lang='lat' dir='ltr'>vnum</span> <span class='ocrx_word' id='word_1_323' title='bbox 1328 2028 1566 2058; x_wconf 88' lang='lat' dir='ltr'>tenementum</span> <span class='ocrx_word' id='word_1_324' title='bbox 1585 2023 1677 2069; x_wconf 92' lang='lat' dir='ltr'>quod</span> 
     </span>
     <span class='ocr_line' id='line_1_30' title="bbox 215 2083 1677 2131; baseline -0.001 -13"><span class='ocrx_word' id='word_1_325' title='bbox 215 2091 312 2119; x_wconf 87' lang='lat' dir='ltr'>tenet</span> <span class='ocrx_word' id='word_1_326' title='bbox 339 2083 489 2131; x_wconf 79' lang='lat' dir='ltr'>[E]m1na</span> <span class='ocrx_word' id='word_1_327' title='bbox 508 2085 615 2120; x_wconf 88' lang='lat' dir='ltr'>Dulle</span> <span class='ocrx_word' id='word_1_328' title='bbox 640 2106 645 2112; x_wconf 89' lang='lat'><strong>·</strong></span> <span class='ocrx_word' id='word_1_329' title='bbox 667 2086 709 2120; x_wconf 86' lang='lat' dir='ltr'>ad</span> <span class='ocrx_word' id='word_1_330' title='bbox 729 2086 940 2120; x_wconf 86' lang='lat' dir='ltr'>voluntatem</span> <span class='ocrx_word' id='word_1_331' title='bbox 959 2085 1130 2121; x_wconf 69' lang='lat' dir='ltr'>,Iohannis</span> <span class='ocrx_word' id='word_1_332' title='bbox 1154 2085 1197 2119; x_wconf 89' lang='lat' dir='ltr'>de</span> <span class='ocrx_word' id='word_1_333' title='bbox 1220 2085 1345 2120; x_wconf 85' lang='lat' dir='ltr'>Govan</span> <span class='ocrx_word' id='word_1_334' title='bbox 1369 2105 1374 2110; x_wconf 93' lang='lat'>·</span> <span class='ocrx_word' id='word_1_335' title='bbox 1398 2083 1578 2123; x_wconf 85' lang='lat' dir='ltr'>reddendo</span> <span class='ocrx_word' id='word_1_336' title='bbox 1597 2084 1677 2118; x_wconf 86' lang='lat' dir='ltr'>inde</span> 
     </span>
     <span class='ocr_line' id='line_1_31' title="bbox 214 2144 1676 2192; baseline 0 -14"><span class='ocrx_word' id='word_1_337' title='bbox 214 2153 287 2179; x_wconf 88' lang='lat' dir='ltr'>tres</span> <span class='ocrx_word' id='word_1_338' title='bbox 306 2145 433 2179; x_wconf 86' lang='lat' dir='ltr'>solidos</span> <span class='ocrx_word' id='word_1_339' title='bbox 463 2159 524 2192; x_wconf 90' lang='lat' dir='ltr'>per</span> <span class='ocrx_word' id='word_1_340' title='bbox 551 2159 677 2180; x_wconf 87' lang='lat' dir='ltr'>annum</span> <span class='ocrx_word' id='word_1_341' title='bbox 701 2167 705 2172; x_wconf 93' lang='lat'>·</span> <span class='ocrx_word' id='word_1_342' title='bbox 731 2147 818 2181; x_wconf 86' lang='lat' dir='ltr'>Item</span> <span class='ocrx_word' id='word_1_343' title='bbox 838 2159 942 2181; x_wconf 82' lang='lat' dir='ltr'>vnum</span> <span class='ocrx_word' id='word_1_344' title='bbox 970 2152 1207 2180; x_wconf 87' lang='lat' dir='ltr'>tenementum</span> <span class='ocrx_word' id='word_1_345' title='bbox 1234 2145 1266 2179; x_wconf 89' lang='lat' dir='ltr'>in</span> <span class='ocrx_word' id='word_1_346' title='bbox 1288 2145 1364 2180; x_wconf 87' lang='lat' dir='ltr'>vico</span> <span class='ocrx_word' id='word_1_347' title='bbox 1391 2145 1449 2191; x_wconf 90' lang='lat' dir='ltr'>qui</span> <span class='ocrx_word' id='word_1_348' title='bbox 1468 2144 1593 2179; x_wconf 87' lang='lat' dir='ltr'>dicitur</span> <span class='ocrx_word' id='word_1_349' title='bbox 1616 2165 1621 2170; x_wconf 93' lang='lat'>·</span> <span class='ocrx_word' id='word_1_350' title='bbox 1644 2145 1676 2179; x_wconf 91' lang='lat' dir='ltr'>le</span> 
     </span>
     <span class='ocr_line' id='line_1_32' title="bbox 219 2205 1677 2254; baseline -0.001 -14"><span class='ocrx_word' id='word_1_351' title='bbox 219 2205 423 2252; x_wconf 83' lang='lat' dir='ltr'>Galowgate</span> <span class='ocrx_word' id='word_1_352' title='bbox 447 2227 452 2232; x_wconf 88' lang='lat'><em>-</em></span> <span class='ocrx_word' id='word_1_353' title='bbox 476 2218 520 2240; x_wconf 87' lang='lat' dir='ltr'>ex</span> <span class='ocrx_word' id='word_1_354' title='bbox 538 2213 636 2253; x_wconf 81' lang='lat' dir='ltr'>parte</span> <span class='ocrx_word' id='word_1_355' title='bbox 655 2207 785 2241; x_wconf 85' lang='lat' dir='ltr'>boreali</span> <span class='ocrx_word' id='word_1_356' title='bbox 804 2207 886 2241; x_wconf 89' lang='lat' dir='ltr'>dicti</span> <span class='ocrx_word' id='word_1_357' title='bbox 901 2207 966 2241; x_wconf 91' lang='lat' dir='ltr'>vici</span> <span class='ocrx_word' id='word_1_358' title='bbox 987 2207 1079 2254; x_wconf 90' lang='lat' dir='ltr'>quod</span> <span class='ocrx_word' id='word_1_359' title='bbox 1092 2212 1191 2241; x_wconf 84' lang='lat' dir='ltr'>tenet</span> <span class='ocrx_word' id='word_1_360' title='bbox 1206 2207 1318 2241; x_wconf 87' lang='lat' dir='ltr'>Elena</span> <span class='ocrx_word' id='word_1_361' title='bbox 1333 2206 1485 2240; x_wconf 74' lang='lat' dir='ltr'>Textrix</span> <span class='ocrx_word' id='word_1_362' title='bbox 1499 2206 1541 2240; x_wconf 88' lang='lat' dir='ltr'>ad</span> <span class='ocrx_word' id='word_1_363' title='bbox 1557 2206 1677 2240; x_wconf 89' lang='lat' dir='ltr'>volun-</span> 
     </span>
     <span class='ocr_line' id='line_1_33' title="bbox 218 2266 1676 2314; baseline 0 -14"><span class='ocrx_word' id='word_1_364' title='bbox 218 2273 322 2300; x_wconf 81' lang='lat' dir='ltr'>tatem</span> <span class='ocrx_word' id='word_1_365' title='bbox 339 2266 525 2312; x_wconf 85' lang='lat' dir='ltr'>supradicti</span> <span class='ocrx_word' id='word_1_366' title='bbox 539 2266 708 2302; x_wconf 86' lang='lat' dir='ltr'>Johannis</span> <span class='ocrx_word' id='word_1_367' title='bbox 722 2268 765 2302; x_wconf 89' lang='lat' dir='ltr'>de</span> <span class='ocrx_word' id='word_1_368' title='bbox 780 2267 905 2303; x_wconf 79' lang='lat' dir='ltr'>Govan</span> <span class='ocrx_word' id='word_1_369' title='bbox 929 2288 934 2293; x_wconf 93' lang='lat'>·</span> <span class='ocrx_word' id='word_1_370' title='bbox 958 2267 1138 2302; x_wconf 89' lang='lat' dir='ltr'>reddendo</span> <span class='ocrx_word' id='word_1_371' title='bbox 1152 2267 1232 2302; x_wconf 88' lang='lat' dir='ltr'>inde</span> <span class='ocrx_word' id='word_1_372' title='bbox 1248 2275 1393 2314; x_wconf 86' lang='lat' dir='ltr'>quatuor</span> <span class='ocrx_word' id='word_1_373' title='bbox 1409 2267 1536 2301; x_wconf 89' lang='lat' dir='ltr'>solidos</span> <span class='ocrx_word' id='word_1_374' title='bbox 1550 2279 1676 2301; x_wconf 89' lang='lat' dir='ltr'>annua-</span> 
     </span>
     <span class='ocr_line' id='line_1_34' title="bbox 215 2326 1675 2374; baseline 0.001 -14"><span class='ocrx_word' id='word_1_375' title='bbox 215 2328 274 2361; x_wconf 86' lang='lat' dir='ltr'>tim</span> <span class='ocrx_word' id='word_1_376' title='bbox 297 2348 303 2353; x_wconf 86' lang='lat'><em>-</em></span> <span class='ocrx_word' id='word_1_377' title='bbox 328 2326 415 2361; x_wconf 86' lang='lat' dir='ltr'>Item</span> <span class='ocrx_word' id='word_1_378' title='bbox 434 2327 585 2373; x_wconf 88' lang='lat' dir='ltr'>quinque</span> <span class='ocrx_word' id='word_1_379' title='bbox 606 2327 733 2362; x_wconf 89' lang='lat' dir='ltr'>solidos</span> <span class='ocrx_word' id='word_1_380' title='bbox 753 2328 855 2374; x_wconf 89' lang='lat' dir='ltr'>annuj</span> <span class='ocrx_word' id='word_1_381' title='bbox 884 2328 1042 2362; x_wconf 86' lang='lat' dir='ltr'>redditus</span> <span class='ocrx_word' id='word_1_382' title='bbox 1063 2328 1172 2363; x_wconf 89' lang='lat' dir='ltr'>debiti</span> <span class='ocrx_word' id='word_1_383' title='bbox 1192 2328 1264 2363; x_wconf 84' lang='lat' dir='ltr'>siue</span> <span class='ocrx_word' id='word_1_384' title='bbox 1286 2327 1447 2362; x_wconf 84' lang='lat' dir='ltr'>exeuntis</span> <span class='ocrx_word' id='word_1_385' title='bbox 1467 2327 1510 2362; x_wconf 87' lang='lat' dir='ltr'>de</span> <span class='ocrx_word' id='word_1_386' title='bbox 1529 2327 1675 2373; x_wconf 89' lang='lat' dir='ltr'>quodam</span> 
     </span>
    </p>
   </div>
  </div>
 </body>
</html>
