1922 2764
213 288 234 319 4
541 282 697 318 LIBER
721 282 971 319 ECCLESIE
1000 280 1340 318 COLLEGIATE

213 381 362 416 nabilem
379 394 485 428 quare
499 381 666 428 premissa
678 381 754 416 fieri
768 394 837 415 non
853 381 1005 415 debeant
1019 391 1025 417 l
1041 385 1079 414 vt
1092 378 1353 414 consuetudinis
1373 382 1426 412 est
1444 389 1506 424 per
1521 377 1671 412 edictum

214 442 389 490 publicum
420 442 453 476 in
483 442 593 477 valuis
625 441 771 476 ecclesie
802 440 1068 488 metropolitane
1100 438 1332 486 Glasguensis
1363 438 1405 472 ad
1436 443 1550 473 certos
1581 437 1671 472 diem

213 503 326 537 locum
346 508 382 537 et
398 502 515 537 horam
534 501 770 549 infrascriptos
789 502 924 536 affixum
941 511 948 538 l
963 500 1062 535 citari
1079 499 1223 534 fecimus
1243 504 1278 534 et
1298 498 1534 533 mandauimus
1587 498 1672 539 Qui-

213 562 418 610 busquidem
437 562 493 597 die
512 568 547 597 et
564 562 650 597 hora
677 561 942 597 aduenientibus
962 560 1152 607 comparuit
1178 559 1213 593 in
1237 558 1369 606 judicio
1389 571 1501 593 coram
1521 559 1620 593 nobis
1638 558 1671 592 in

210 623 374 670 jamdicta
402 621 580 670 [ecclesia]
611 622 876 669 metropolitana
906 620 1118 667 Glasguensi
1148 620 1225 654 loco
1257 619 1488 654 consistoriali
1519 619 1672 654 eiusdem

216 684 258 718 ad
290 683 368 730 jura
401 683 580 718 reddenda
610 689 645 717 et
675 695 794 717 causas
824 681 1013 717 audiendas
1048 693 1111 728 pro
1145 679 1310 715 tribunali
1345 680 1546 715 sedentibus
1565 691 1571 718 J
1590 680 1674 715 hora

217 743 392 778 audientie
412 756 588 778 causarum
606 749 685 778 ante
705 743 882 777 meridiem
900 754 904 774 υ
919 742 1074 789 prefatus
1100 741 1266 788 magister
1287 741 1439 777 Jacobus
1466 741 1673 776 Houstoune

217 804 434 839 subdecanus
485 803 533 838 Et
549 803 743 838 huiusmodi
761 803 998 837 fundationem
1019 802 1230 837 erectionem
1249 808 1285 837 et
1302 802 1511 837 dotationem
1538 814 1672 836 necnon

218 871 254 900 et
271 865 439 912 quandam
459 864 563 899 edicti
581 864 709 911 publici
729 863 876 898 citatorii
894 863 1005 911 papiri
1025 863 1181 898 cedulam
1201 863 1234 897 in
1254 863 1364 898 valuis
1384 863 1530 898 ecclesie
1550 869 1675 897 metro-

216 926 368 973 politane
391 925 622 972 Glasguensis
650 925 732 960 alias
758 925 903 972 positam
931 930 966 959 et
984 925 1117 959 affixam
1145 937 1184 958 ac
1211 930 1325 959 certos
1343 924 1540 970 fidedignos
1566 930 1674 958 testes

218 999 322 1034 super
347 986 586 1033 recognitione
613 986 806 1020 huiusmodi
824 985 1036 1020 fundationis
1065 985 1252 1019 erectionis
1279 991 1315 1019 et
1341 984 1529 1019 dotationis
1551 984 1674 1031 judici-

218 1047 318 1082 aliter
336 1047 493 1082 exhibuit
510 1053 611 1094 atque
630 1047 795 1094 produxit
847 1045 1109 1093 Citatorumque
1128 1046 1162 1079 in
1182 1046 1301 1080 eadem
1321 1051 1562 1080 contentorum
1577 1057 1674 1080 voca-

218 1113 330 1142 torum
346 1113 381 1142 et
394 1120 462 1142 non
478 1107 747 1154 comparentium
763 1106 993 1141 contumacias
1008 1106 1183 1141 accusauit
1217 1106 1265 1140 Et
1279 1106 1313 1140 in
1330 1118 1445 1141 eorum
1462 1106 1675 1141 contumacie

218 1180 340 1215 penam
367 1168 561 1202 huiusmodi
579 1167 815 1202 fundationem
843 1167 1053 1202 erectionem
1074 1173 1109 1202 et
1127 1166 1337 1202 dotationem
1365 1166 1547 1201 transsumi
1566 1172 1676 1202 trans>-

220 1228 304 1262 cribi
323 1228 450 1275 copiari
471 1228 659 1276 exemplari
678 1234 713 1263 et
731 1229 764 1262 in
784 1234 944 1275 regestro
961 1228 1043 1275 poni
1061 1228 1178 1263 debita
1199 1241 1273 1263 eum
1301 1228 1465 1262 instantia
1490 1228 1677 1275 postulauit

220 1294 256 1323 et
270 1288 451 1335 requisiuit
486 1289 562 1324 Nos
576 1295 659 1324 tunc
675 1289 870 1323 Willelmus
888 1289 1124 1324 Hammiltoun
1142 1289 1293 1324 officialis
1309 1295 1344 1324 et
1359 1289 1468 1335 judex
1482 1289 1677 1324 antedictus

219 1350 441 1384 attendentes
474 1350 733 1397 requisitionem
771 1349 965 1384 huiusmodi
998 1350 1072 1384 fore
1104 1350 1229 1396 justam
1263 1356 1298 1384 et
1332 1361 1516 1384 consonam
1552 1349 1676 1383 rationi

221 1409 330 1444 dictos
355 1410 476 1445 citatos
500 1417 640 1446 vocatos
666 1417 702 1445 et
724 1423 792 1446 non
821 1416 1060 1457 comparentes
1080 1410 1179 1444 *licet
1207 1409 1416 1444 sufficienter
1435 1416 1470 1444 et
1490 1410 1532 1444 ad
1559 1410 1676 1444 horam

221 1470 371 1504 debitam
391 1476 592 1518 expectatos
612 1481 617 1508 l
637 1471 873 1518 reputauimus
899 1470 1023 1505 merito
1050 1477 1152 1517 prout
1179 1476 1279 1505 erant
1304 1470 1339 1505 id
1365 1471 1516 1505 dictante
1543 1470 1678 1505 iusticia

222 1537 441 1566 contumaces
475 1532 523 1566 Et
536 1532 570 1566 in
587 1544 706 1567 eorum
720 1532 934 1567 contumacie
949 1544 1072 1579 penam
1086 1532 1281 1566 huiusmodi
1295 1537 1404 1566 testes
1419 1531 1452 1565 in
1468 1531 1576 1566 forma
1590 1532 1677 1578 juris

223 1591 382 1626 duximus
409 1592 657 1627 admittendum
681 1598 718 1626 et
741 1592 937 1626 admisimus
991 1592 1202 1639 Quiquidem
1221 1598 1329 1627 testes
1355 1592 1402 1627 sic
1427 1592 1564 1627 admissi
1583 1592 1678 1627 exhi-

222 1651 303 1686 bitis
322 1657 357 1686 et
375 1652 523 1687 ostensis
548 1652 610 1687 eiis
634 1658 670 1687 et
688 1665 805 1687 eorum
833 1652 977 1687 cuilibet
1001 1653 1196 1687 huiusmodi
1220 1653 1422 1688 fundatione
1448 1653 1624 1688 erectione
1644 1660 1678 1688 et

223 1712 399 1747 dotatione
426 1718 462 1747 et
491 1725 553 1760 per
582 1725 641 1748 eos
672 1718 708 1747 et
734 1725 852 1748 eorum
883 1713 1073 1760 quemlibet
1098 1713 1181 1747 visis
1212 1713 1377 1760 inspectis
1404 1719 1439 1747 et
1465 1713 1508 1747 ad
1538 1713 1678 1760 plenum

221 1772 408 1808 intellectis
427 1779 462 1808 et
480 1773 706 1808 consideratis
722 1784 728 1811 J
743 1774 865 1808 mediis
884 1787 1001 1809 eorum
1025 1774 1231 1821 juramentis
1256 1774 1356 1809 tactis
1375 1774 1418 1808 ob
1436 1773 1470 1808 id
1494 1774 1679 1821 Scripturis

226 1833 458 1869 Sacrosanctis
488 1835 531 1869 ad
563 1835 688 1870 Sancta
722 1835 794 1870 Dei
825 1835 1027 1882 Ewangelia
1059 1835 1214 1882 prestitis
1240 1846 1245 1871 s
1273 1835 1462 1882 diligenter
1493 1836 1679 1871 examinati

225 1895 388 1930 dixerunt
419 1901 454 1930 et
480 1895 717 1942 deposuerunt
747 1908 784 1930 se
814 1896 904 1931 bene
935 1908 1190 1942 recognoscere
1221 1895 1417 1930 huiusmodi
1442 1896 1679 1931 fundationem

225 1955 434 1990 erectionem
454 1962 490 1992 et
507 1956 717 1991 dotationem
759 1957 806 1991 Et
824 1957 915 2004 quod
933 1957 1007 2004 ipsa
1020 1956 1175 1991 fundatio
1194 1956 1324 1991 erectio
1339 1963 1375 1991 et
1392 1957 1521 1991 dotatio
1539 1957 1681 1991 fundata

225 2022 342 2051 erecta
365 2022 400 2051 et
423 2017 540 2051 dotata
563 2023 637 2052 erat
664 2030 727 2064 per
754 2017 1022 2065 suprascriptum
1051 2017 1250 2064 magistrum
1274 2017 1441 2054 ,Iacobum
1472 2017 1680 2052 Houstoune

225 2076 456 2111 subdecanum
475 2077 731 2125 Glasguensem
749 2078 784 2112 in
804 2078 922 2113 debita
934 2079 1043 2113 forma
1087 2078 1224 2119 Quibus
1238 2078 1439 2113 fundatione
1455 2078 1630 2113 erectione
1646 2085 1681 2113 et

226 2137 402 2172 dotatione
424 2138 473 2172 sic
496 2139 684 2185 recognitis
711 2139 906 2174 huiusmodi
923 2139 1161 2174 fundationem
1183 2139 1396 2174 erectionem
1416 2145 1452 2174 et
1469 2139 1678 2174 dotationem

226 2197 267 2232 ad
294 2209 412 2232 manus
437 2199 631 2245 recepimus
658 2199 805 2234 vidimus
832 2199 979 2247 legimus
1004 2199 1181 2235 tenuimus
1206 2199 1420 2247 palpauimus
1440 2206 1475 2234 et
1494 2199 1680 2246 diligenter

227 2257 439 2304 inspeximus
489 2258 537 2292 Et
561 2259 640 2305 quia
664 2259 859 2294 huiusmodi
879 2260 1035 2294 fundatio
1055 2260 1185 2295 erectio
1204 2266 1239 2295 ct
1257 2260 1387 2295 dotatio
1414 2273 1481 2295 non
1508 2273 1585 2295 rasa
1610 2273 1677 2294 non

227 2318 415 2353 cancellata
439 2330 505 2353 nec
522 2319 557 2353 in
575 2319 689 2366 aliqua
707 2320 756 2354 sui
784 2326 882 2367 parte
910 2326 1071 2367 suspecta
1089 2327 1164 2356 erat
1181 2321 1244 2356 sed
1262 2321 1353 2355 omni
1381 2334 1522 2368 prorsus
1541 2321 1624 2355 vitio
1646 2327 1680 2355 et
