1922 2764
618 241 659 275 Β.
688 240 734 275 V.
763 240 932 275 MARIE
959 239 1028 275 ET
1056 241 1091 275 S.
1121 240 1280 275 ANNE.
1627 247 1668 278 51

212 344 328 384 patres
337 343 372 372 et
380 338 651 373 matresfamilias
668 347 676 374 Ι
693 338 847 372 Psalmos
858 337 1108 372 Penitentiales
1125 346 1134 373 Ι
1150 338 1205 372 vel
1223 346 1231 374 l
1250 338 1431 372 Rosarium
1441 339 1549 374 Beate
1559 339 1672 374 Marie

214 398 372 444 Virginis
389 407 397 434 l
413 411 489 433 cum
503 399 634 445 psalmo
651 407 659 435 l
676 398 734 433 De
751 398 935 433 Profundis
952 407 961 434 Ι
978 404 1013 433 et
1027 398 1188 445 precibus
1201 410 1240 432 ac
1252 399 1464 434 orationibus
1480 400 1588 434 solitis
1603 400 1672 434 dic-

211 458 279 493 turi
299 458 345 493 Et
362 458 547 505 vnicuique
566 459 692 493 dentur
711 459 779 493 duo
798 458 931 493 denarii
950 479 956 485 ·
975 458 1110 499 Quarto
1129 458 1321 493 inuitentur
1348 472 1519 506 pauperes
1546 461 1672 507 Hospi-

211 518 288 553 talis
309 519 425 554 Sancti
444 519 606 554 Nicholai
624 520 667 554 de
682 525 827 566 vtraque
843 519 943 553 domo
965 518 1036 559 Qui
1056 524 1296 566 comparentes
1311 525 1349 553 vt
1367 520 1538 565 prenotati
1558 526 1673 566 patres

211 585 247 613 et
257 579 529 614 matresfamilias
546 588 554 616 l
571 580 626 614 vel
639 580 673 614 in
686 580 884 614 infirmitate
896 579 1093 614 laborantes
1110 587 1119 615 l
1135 585 1334 626 ettempore
1348 579 1533 614 Missarum
1547 586 1580 614 et
1593 593 1672 615 exe-

211 639 365 686 quiarum
390 640 508 675 dicent
532 640 731 687 singillatim
749 649 758 676 Ι
775 639 957 675 Rosarium
978 640 1087 675 Beate
1113 639 1227 674 Marie
1248 639 1406 686 Virginis
1423 648 1431 676 l
1451 640 1498 674 Et
1517 640 1672 675 similiter

209 700 382 747 prenotati
400 706 517 747 patres
532 707 568 735 et
585 701 858 736 matresfamilias
873 701 990 736 dicent
1005 714 1080 735 cum
1096 701 1170 735 aliis
1186 700 1359 747 suffragiis
1376 705 1480 747 prout
1495 701 1556 734 eiis
1572 701 1672 735 Deus

209 766 246 795 et
263 760 474 796 conscientia
492 761 676 796 dictauerit
696 770 704 798 l
726 761 773 796 Et
800 762 900 796 dictis
926 761 1136 809 pauperibus
1155 761 1416 795 destribuantur
1435 761 1671 807 proportiona-

209 821 326 856 biliter
352 827 498 868 quatuor
525 822 624 856 solidi
647 843 653 849 ι
677 822 810 862 Quinto
838 822 983 869 leprosis
1011 821 1187 856 extraneis
1207 827 1242 856 et
1260 821 1549 856 commorantibus
1573 821 1673 867 juxta

211 881 357 916 Pontem
375 882 632 929 Glasguensem
648 883 926 930 comparentibus
941 889 979 917 vt
992 895 1096 930 supra
1109 882 1143 916 in
1161 881 1342 917 Cimiterio
1357 882 1491 929 prefate
1511 881 1671 916 Ecclesie

211 941 406 989 Collegiate
435 943 582 978 oraturis
610 943 726 978 Deum
746 951 755 979 l
778 943 958 978 duodecim
987 943 1120 978 denarii
1144 961 1150 967 -
1173 943 1281 978 Sexto
1309 955 1372 989 pro
1399 942 1671 989 compulsatione

209 1015 447 1049 campanarum
467 1004 559 1039 dicte
579 1004 726 1038 ecclesie
746 1010 781 1038 et
798 1003 947 1038 tabulam
975 1003 1126 1050 ligneam
1151 1015 1227 1037 cum
1252 1003 1363 1038 cereis
1391 1008 1426 1037 et
1452 1002 1671 1049 ymaginibus

208 1063 351 1109 ponenti
368 1072 376 1100 l
393 1070 470 1098 octo
485 1064 617 1099 denarii
634 1073 643 1101 Ι
660 1064 707 1099 Et
724 1077 787 1111 pro
805 1064 999 1111 pulsatione
1015 1076 1178 1111 campane
1200 1063 1315 1098 Sancti
1337 1063 1547 1110 Kentigerni
1564 1062 1599 1097 in
1615 1063 1671 1097 die

211 1124 336 1159 Sancte
353 1124 459 1159 Anne
475 1131 511 1159 et
528 1125 562 1159 in
579 1125 728 1160 crastino
746 1138 809 1172 per
824 1125 997 1160 ciuitatem
1015 1133 1024 1161 Ι
1040 1131 1186 1171 quatuor
1201 1124 1333 1159 denarii
1349 1145 1355 1151 -
1375 1123 1575 1158 Nouissime
1593 1136 1671 1170 pre-

208 1185 374 1219 bendario
393 1185 615 1220 distribuenti
642 1185 837 1220 huiusmodi
865 1198 1012 1220 summas
1033 1185 1123 1220 vltra
1148 1185 1343 1231 portionem
1370 1183 1435 1218 sibi
1461 1183 1669 1230 assignatam

208 1258 271 1292 pro
282 1246 439 1293 exequiis
456 1255 464 1282 s
480 1246 604 1293 viginti
619 1246 752 1281 denarii
766 1259 829 1293 pro
841 1246 911 1280 suis
926 1245 1100 1280 laboribus
1117 1254 1126 1282 Ι
1144 1245 1215 1286 Qui
1229 1244 1480 1292 prebendarius
1494 1244 1669 1278 annuatim

208 1307 242 1340 in
258 1306 363 1341 Festo
381 1306 497 1341 Sancti
512 1306 656 1341 Martini
672 1307 705 1340 in
721 1307 847 1353 hyeme
862 1307 953 1341 inter
968 1306 1159 1341 confratres
1178 1306 1403 1352 presbyteros
1415 1305 1506 1339 dicte
1522 1304 1669 1339 ecclesie

209 1367 340 1402 electus
368 1367 435 1402 erit
460 1367 502 1402 ad
529 1367 697 1414 premissa
713 1367 895 1402 facienda·
914 1367 994 1408 Que
1022 1380 1151 1401 summe
1178 1366 1371 1414 prescripte
1399 1365 1595 1400 extendunt
1612 1377 1670 1399 an-

208 1428 337 1462 nuatim
356 1428 398 1462 ad
417 1427 794 1475 quadragintaquatuor
821 1428 948 1462 solidos
966 1433 1105 1462 monete
1124 1427 1290 1462 leuandos
1310 1432 1346 1461 et
1363 1425 1607 1473 percipiendos
1625 1425 1668 1460 de

207 1494 409 1524 tenemento
427 1489 597 1535 quondam
623 1489 752 1525 Jonete
780 1489 869 1523 Blak
895 1501 988 1523 nunc
1009 1494 1122 1523 autem
1150 1487 1279 1522 domini
1304 1487 1400 1522 Petri
1422 1486 1505 1520 Law
1529 1486 1668 1532 jacente

208 1550 242 1584 in
261 1550 401 1584 ciuitate
424 1549 637 1596 Glasguensi
664 1550 698 1584 in
718 1549 788 1584 Via
808 1549 994 1584 Fullonum
1021 1561 1065 1582 ex
1092 1548 1250 1582 orientali
1277 1553 1376 1595 parte
1395 1546 1583 1581 communis
1602 1545 1668 1580 vici

209 1610 363 1645 eiusdem
376 1610 465 1644 inter
477 1616 677 1644 tenementa
691 1610 836 1644 Andree
851 1610 1058 1644 Haustoune
1068 1622 1111 1643 ex
1124 1609 1264 1643 australi
1281 1617 1290 1644 Ι
1307 1608 1442 1642 Thome
1457 1607 1667 1654 Blythmann

208 1684 252 1706 ex
269 1670 401 1705 boreali
418 1679 427 1707 l
443 1676 478 1705 et
491 1676 681 1705 torrentem
697 1671 740 1705 de
760 1670 995 1717 Malyndonar
1014 1682 1057 1704 ex
1073 1669 1229 1704 orientali
1250 1668 1405 1715 partibus
1422 1689 1427 1694 ·
1445 1688 1451 1694 ·
1470 1667 1581 1713 Super
1595 1666 1667 1712 qui-

208 1732 272 1767 bus
290 1731 447 1766 omnibus
466 1737 502 1766 et
519 1731 664 1778 singulis
688 1731 779 1766 idem
806 1729 972 1777 magister
989 1730 1141 1766 Jacobus
1159 1742 1179 1764 a
1196 1742 1251 1763 me
1270 1728 1405 1763 notario
1431 1727 1569 1774 publico
1589 1727 1666 1760 sub-

207 1792 336 1839 scripto
353 1792 454 1839 petiit
467 1792 733 1827 instrumentum
752 1813 758 1819 ·
776 1791 868 1826 Acta
882 1791 970 1825 infra
984 1791 1158 1825 ciuitatem
1177 1790 1435 1835 Glasguensem
1450 1794 1486 1822 et
1500 1787 1533 1820 in
1548 1799 1666 1820 manso

206 1853 428 1899 prebendarii
446 1853 489 1887 de
512 1853 647 1899 Glasgu
665 1852 776 1899 primo
792 1860 801 1888 Ι
817 1852 873 1886 die
891 1851 1002 1898 primo
1020 1850 1148 1885 mensis
1178 1849 1262 1883 Maii
1281 1861 1372 1883 anno
1397 1847 1539 1882 Domini
1554 1847 1665 1881 mille-

207 1912 292 1947 simo
322 1912 602 1960 quingentesimo
631 1912 920 1947 vicesimooctauo
945 1932 951 1938 ·
979 1910 1204 1945 Presentibus
1236 1909 1362 1943 ibidem
1394 1907 1551 1942 discretis
1582 1907 1664 1942 viris

207 1973 353 2007 dominis
369 1973 520 2008 Ricardo
537 1973 753 2008 Otterburne
770 1971 916 2006 Andrea
932 1970 1084 2006 Skeothe
1098 1969 1314 2017 presbyteris
1329 1974 1364 2003 et
1380 1968 1508 2003 Allano
1523 1967 1663 2002 Brovne

207 2033 294 2069 laico
310 2043 319 2070 Ι

448 2118 576 2153 Fateor
593 2116 761 2164 premissa
777 2124 785 2152 l
800 2116 822 2152 J
825 2115 951 2150 acobus
971 2115 1179 2149 Houstoune
1198 2126 1300 2148 manu
1318 2112 1458 2160 propria
1472 2121 1482 2149 Ι

451 2214 505 2248 Ita
532 2219 586 2248 est
611 2212 791 2249 Johannes
817 2211 1032 2246 Moresoune
1060 2211 1214 2246 notarius
1242 2210 1399 2258 publicus
1425 2210 1460 2244 in
1486 2209 1662 2257 premissis

447 2273 634 2320 requisitus
652 2285 753 2307 manu
772 2272 911 2319 propria
929 2272 1132 2319 subscripsit
