1922 2764
653 232 694 266 B.
724 232 770 266 V.
799 231 968 266 MARIE
997 231 1065 266 ET
1094 232 1128 267 S.
1158 232 1316 267 ANNE.
1669 238 1714 269 83

256 329 358 376 byter
380 329 611 376 Glasguensis
638 329 785 364 diocesis
808 329 966 377 publicus
994 342 1090 364 sacra
1115 330 1320 364 auctoritate
1341 330 1544 377 Apostolica
1562 332 1714 367 notarius

258 389 350 430 Quia
372 388 467 436 [eta]

256 537 327 602 IN
355 569 446 603 DEI
472 570 610 605 nomine
630 569 746 605 Amen
768 591 774 597 ·
799 571 866 605 Per
884 570 950 605 hoc
966 570 1142 618 publicum
1161 570 1426 604 instrumentum
1446 571 1579 605 cunctis
1600 577 1716 618 pateat

256 630 349 676 quod
382 643 472 664 anno
507 630 752 666 incarnationis
787 631 972 666 Dominice
1007 631 1188 665 millesimo
1224 630 1504 677 quingentesimo
1534 631 1715 677 vigesimo-

256 690 409 725 secundo
427 690 483 725 die
501 703 586 725 vero
604 691 772 738 vigesimo
791 692 918 727 mensis
937 692 1119 727 Februarii
1136 701 1144 728 Ι
1161 691 1201 726 In
1221 691 1288 726 mei
1307 691 1432 726 notarii
1450 692 1578 738 publici
1597 699 1632 727 et
1650 699 1716 728 tes-

256 751 341 785 tium
359 751 629 798 subscriptorum
643 753 819 799 presentia
832 752 1063 800 personaliter
1078 751 1285 787 constitutus
1301 751 1471 786 discretus
1486 752 1538 785 vir
1553 753 1717 799 magister

255 811 434 848 Johannes
453 811 541 846 Blak
559 813 714 847 existens
733 813 767 847 in
787 820 878 848 statu
897 820 932 848 et
950 813 1075 848 saisina
1093 813 1193 847 vnius
1212 812 1404 847 tenementi
1427 813 1576 860 jacentis
1594 814 1628 848 in
1650 814 1718 848 Via

257 872 440 906 Fullonum
459 873 548 907 infra
565 873 740 909 ciuitatem
763 873 1019 920 Glasguensem
1038 874 1129 908 inter
1147 880 1258 908 terras
1279 873 1424 908 Andree
1446 874 1654 909 Haustounc
1673 887 1717 909 ex

257 932 398 967 australi
416 939 451 967 et
468 939 706 968 tenementum
726 934 861 969 Thome
882 934 987 981 Blyth
1006 947 1050 969 ex
1068 934 1200 969 boreali
1218 934 1373 981 partibus
1390 943 1399 970 1
1416 935 1562 970 accessit
1580 935 1623 970 ad
1640 948 1717 982 pre-

255 994 361 1028 fatum
385 999 622 1028 tenementum
650 1001 686 1029 et
709 994 834 1029 ibidem
859 995 893 1029 in
922 996 1077 1030 manibus
1097 995 1302 1030 Archibaldi
1331 995 1598 1030 Harbertsoune
1617 996 1718 1031 vnius

257 1055 461 1089 balliuorum
479 1055 570 1090 dicte
589 1055 738 1090 ciuitatis
757 1055 885 1090 dimisit
911 1056 1112 1103 simpliciter
1136 1068 1241 1090 vnum
1267 1056 1592 1090 annuumredditum
1621 1057 1716 1103 quin-

257 1115 422 1162 quaginta
444 1116 630 1150 solidorum
649 1116 692 1151 de
712 1122 784 1151 toto
804 1123 838 1151 et
855 1117 995 1163 integro
1023 1117 1179 1164 predicto
1197 1122 1398 1151 tenemento
1417 1122 1497 1151 ante
1517 1122 1552 1151 et
1569 1123 1664 1152 retro
1683 1117 1717 1151 in

257 1176 410 1211 fauorem
438 1177 592 1224 magistri
615 1177 738 1213 Jacobi
766 1178 975 1212 Houstoune
998 1186 1006 1213 l
1030 1178 1109 1219 Qua
1127 1177 1362 1224 resignatione
1383 1177 1432 1212 sie
1449 1178 1538 1212 facta
1563 1178 1718 1225 prefatus

256 1237 403 1272 balliuus
431 1243 554 1272 statum
574 1244 610 1272 et
627 1237 786 1272 saisinam
812 1238 1041 1272 hereditarios
1068 1238 1150 1273 dicti
1178 1238 1441 1272 annuiredditus
1468 1238 1624 1284 predicto
1650 1251 1718 1274 ma-

257 1297 366 1344 gistro
383 1298 515 1338 Jacobo
537 1298 744 1333 Houstoune
773 1299 911 1346 suisque
938 1299 1126 1334 heredibus
1151 1305 1187 1333 et
1208 1298 1391 1345 assignatis
1416 1311 1480 1345 per
1505 1298 1550 1333 lie
1576 1299 1664 1346 hesp
1683 1305 1719 1334 et

258 1359 371 1405 stapill
398 1359 618 1394 traditionem
646 1360 853 1394 deliberauit
873 1369 881 1396 l
903 1359 950 1394 Et
977 1359 1090 1394 statim
1117 1359 1207 1394 idem
1234 1359 1398 1405 magister
1425 1359 1577 1395 Jacobus
1602 1359 1718 1394 huius-

257 1419 349 1454 modi
376 1420 701 1455 annuumredditum
727 1420 762 1454 in
789 1421 946 1455 manibus
964 1420 1045 1455 dicti
1070 1420 1189 1454 balliui
1216 1420 1248 1453 in
1276 1420 1429 1454 fauorem
1449 1419 1578 1454 domini
1596 1420 1718 1455 Jacobi

261 1480 359 1527 Gray
378 1481 577 1528 presbyteri
598 1481 736 1516 nomine
762 1481 921 1516 Ecclesie
942 1480 1138 1527 Collegiate
1157 1480 1344 1515 Beatarum
1370 1480 1485 1515 Marie
1504 1480 1664 1527 Virginis
1683 1488 1719 1515 et

260 1540 365 1576 Anne
384 1542 501 1576 matris
519 1542 593 1577 eius
620 1542 821 1589 simpliciter
846 1542 1039 1588 resignauit
1055 1550 1063 1578 l
1082 1542 1162 1582 Qua
1187 1541 1423 1588 resignatione
1447 1541 1495 1575 sic
1512 1541 1602 1576 facta
1627 1541 1719 1576 idem

257 1601 404 1637 balliuus
438 1602 580 1637 tradidit
614 1609 739 1637 statum
773 1609 808 1638 et
843 1602 1002 1637 saisinam
1035 1602 1265 1637 hereditarios
1299 1602 1424 1648 prefati
1456 1602 1718 1637 annuiredditus

257 1663 413 1709 predicto
432 1663 571 1698 domino
587 1664 719 1700 Jacobo
741 1663 841 1710 Gray
859 1663 997 1698 nomine
1016 1663 1108 1698 dicte
1128 1663 1275 1698 ecclesie
1294 1676 1357 1710 per
1381 1663 1426 1697 lie
1445 1663 1531 1710 hesp
1551 1669 1586 1697 et
1604 1663 1717 1709 stapill

257 1730 295 1758 vt
320 1724 424 1758 moris
451 1731 504 1759 est
526 1745 531 1750 -
556 1724 782 1759 Presentibus
809 1724 936 1759 ibidem
963 1724 1123 1760 Johanne
1146 1724 1347 1770 Wodderop
1369 1723 1529 1760 Johanne
1550 1723 1717 1757 Allasone

256 1783 416 1820 Johanne
444 1784 585 1832 Buntyn
615 1785 772 1820 Roberto
799 1784 1013 1819 Moresoune
1041 1790 1076 1819 et
1101 1784 1262 1820 Johanne
1290 1784 1444 1829 Bargille
1471 1784 1598 1818 cliente
1620 1804 1627 1810 ·
1650 1783 1717 1818 ET

258 1845 367 1880 EGO
385 1846 564 1881 Johannes
584 1846 709 1881 Hawik
727 1846 912 1893 presbyter
934 1845 1166 1892 Glasguensis
1185 1845 1332 1879 diocesis
1350 1844 1508 1891 publicus
1527 1857 1623 1878 sacra
1640 1856 1716 1878 auc-

258 1905 396 1941 toritate
416 1906 622 1954 Apostolica
639 1907 792 1941 notarius
846 1906 938 1947 Quia
960 1904 1055 1952 [eta]

258 2056 329 2122 IN
356 2087 445 2122 DEI
469 2087 608 2122 nomine
636 2087 753 2122 Amen
775 2108 781 2113 ·
808 2086 874 2121 Per
892 2086 957 2120 hoc
974 2085 1149 2132 publicum
1167 2084 1433 2119 instrumentum
1452 2084 1584 2118 cunctis
1603 2090 1719 2131 pateat

258 2147 350 2194 quod
361 2160 451 2182 anno
462 2147 707 2182 incarnationis
721 2146 904 2194 Dominice
917 2145 1097 2180 millesimo
1110 2144 1389 2191 quingentesimo
1402 2144 1718 2191 vigesimoseptimo

259 2207 314 2242 die
329 2220 413 2242 vero
428 2207 655 2242 decimonono
674 2207 801 2241 mensis
820 2205 945 2240 Marcii
962 2214 971 2242 l
987 2205 1044 2240 IN
1062 2205 1129 2240 mei
1144 2205 1267 2240 notarii
1286 2206 1414 2252 publici
1429 2211 1465 2240 et
1482 2205 1621 2240 testium
1641 2205 1718 2239 sub-

259 2267 462 2314 scriptorum
489 2267 666 2314 presentia
690 2266 921 2314 personaliter
948 2265 1126 2301 constituti
1154 2265 1325 2300 Ricardus
1354 2266 1460 2301 Allan
1485 2272 1520 2300 et
1541 2265 1718 2312 Georgius
