1922 2764
128 1240 160 1271 9.

220 276 284 307 152
639 270 967 306 MUNIMENTA
996 267 1254 304 FRATRUM

214 381 357 429 guensis
388 388 541 416 eternam
573 381 607 414 in
639 379 792 414 Domino
824 379 968 413 salutem
996 399 1001 404 -
1033 376 1214 411 Noueritis
1245 388 1308 409 nos
1339 375 1473 409 litteras
1504 375 1674 421 quondam

214 442 342 476 domini
369 441 564 475 Alexandri
596 440 666 475 Dei
697 440 814 487 gracia
842 439 952 485 Regis
986 437 1105 473 Scocie
1133 435 1277 470 illustris
1300 445 1308 472 Ι
1336 449 1402 470 non
1432 436 1576 470 abolitas
1606 449 1674 470 non

214 503 420 538 cancellatas
447 515 512 536 nec
537 502 571 535 in
600 501 712 547 aliqua
740 500 790 534 sui
822 506 922 546 parte
951 498 1092 532 viciatas
1121 509 1205 531 vero
1233 497 1347 543 sigillo
1375 510 1436 531 suo
1463 496 1615 543 signatas
1642 497 1675 530 in

213 563 322 598 forma
357 575 423 610 que
459 562 614 609 sequitur
650 561 844 608 inspexisse
868 581 873 586 -
898 581 903 586 -
929 560 1168 592 ALEXANDER
1201 556 1273 592 Dei
1303 558 1420 604 gracia
1449 558 1527 592 Rex
1557 558 1676 593 Scocie

213 623 398 671 prepositis
425 623 494 657 suis
515 623 558 657 de
588 622 795 656 Dunbretan
823 620 968 654 salutem
990 639 996 645 ·
1022 618 1228 652 Mandamus
1248 618 1346 653 vobis
1377 618 1457 665 [etc.
1485 623 1525 652 ut
1551 630 1673 664 supra,

213 696 270 720 ηο.
290 688 322 719 3.
338 696 428 731 pag.
450 681 544 728 149]
570 704 576 709 ·
599 703 605 709 ·
630 682 671 716 ΙΝ
699 681 795 716 cuius
822 680 873 714 rei
892 679 1125 714 testimonium
1145 691 1325 713 commune
1346 678 1498 724 sigillum
1519 678 1672 725 Capituli

214 745 323 780 nostri
343 758 410 780 vna
429 757 506 779 cum
525 743 639 790 sigillo
659 742 810 776 officialis
830 741 924 775 curie
947 739 1180 786 Glasguensis
1206 739 1285 774 huic
1308 740 1436 786 scripto
1454 739 1598 774 fecimus
1618 753 1674 787 ap-

214 806 467 853 ponilDatum
499 804 589 851 apud
623 803 759 849 Glasgu
791 802 825 835 in
857 801 962 835 Festo
992 800 1165 835 Vndecim
1199 800 1335 834 Milium
1365 799 1551 846 Virginum
1583 812 1674 834 anno

216 866 357 901 Domini
380 887 386 893 ·
418 869 472 900 m⁰-
496 869 576 900 ccc0⁷
601 864 736 905 Quarto
759 884 764 888 ·

216 1048 321 1083 Carta
351 1046 565 1093 Guyllascop
594 1044 856 1078 Maclauchlane
884 1044 927 1078 de
955 1044 1183 1091 quadraginta
1210 1043 1328 1078 solidis
1356 1043 1399 1078 cle
1429 1043 1611 1090 Kylbryde
1639 1044 1672 1077 in

216 1108 368 1155 Ergadia
390 1128 395 1133 ·

217 1208 404 1272 Omnibus
436 1231 495 1264 has
523 1230 655 1264 litteras
675 1229 800 1263 visuris
820 1229 874 1263 vel
893 1229 1085 1265 audituris!
1106 1228 1272 1276 Gilaspec
1292 1229 1534 1264 Maelouchlan
1555 1229 1589 1263 in
1612 1229 1673 1263 Er-

215 1292 315 1337 gadia
336 1291 479 1325 salutem
497 1298 505 1326 l
524 1290 704 1324 Noueritis
725 1302 778 1324 me
798 1290 936 1324 dedisse
955 1299 963 1326 Ι
980 1291 1194 1324 concessisse
1211 1299 1219 1326 l
1237 1296 1272 1325 et
1290 1290 1354 1325 hoc
1373 1291 1527 1338 presenti
1547 1291 1675 1338 scripto

214 1353 248 1386 in
275 1358 481 1399 perpetuum
509 1350 729 1384 confirmasse
747 1359 755 1386 s
772 1350 951 1384 Fratribus
973 1351 1254 1385 Predicatoribus
1281 1351 1324 1386 de
1347 1351 1483 1398 Glasgu
1502 1352 1535 1386 in
1554 1364 1673 1398 puram

215 1420 250 1448 et
268 1419 470 1460 perpetuam
490 1411 712 1446 elemosinam
730 1420 738 1447 Ι
755 1411 797 1445 ad
817 1411 1075 1458 reparacionem
1095 1424 1134 1446 ac
1149 1413 1442 1447 sustentacionem
1462 1412 1673 1447 edificiorum

215 1487 352 1508 suorum
381 1473 453 1507 siue
481 1472 523 1506 ad
552 1480 754 1506 ornamenta
781 1472 1017 1507 ecclesiastica
1043 1473 1352 1519 reparandalsiue
1381 1474 1422 1508 ad
1450 1486 1673 1520 quoscunque

214 1535 298 1569 alios
317 1535 391 1581 pios
410 1546 491 1567 vsus
511 1533 552 1568 ad
573 1533 643 1567 Dei
662 1533 790 1567 cultum
810 1540 1017 1580 perpetuum
1041 1534 1258 1580 pertinentes
1275 1543 1283 1570 l
1300 1534 1529 1580 quadraginta
1547 1534 1674 1568 solidos

214 1595 459 1641 sterlingorum
487 1594 530 1628 de
556 1594 662 1628 firmis
693 1594 872 1629 denariate
903 1600 996 1629 terre
1028 1607 1105 1629 mee
1137 1595 1180 1629 de
1211 1595 1371 1641 Kylbryd
1402 1595 1499 1629 iuxta
1525 1602 1671 1629 castrum

214 1669 326 1691 meum
345 1656 436 1703 quod
456 1655 581 1690 dicitnr
599 1663 607 1691 l
626 1655 883 1689 Castellachlen
903 1663 910 1685 l
929 1655 1043 1696 Quam
1070 1655 1208 1701 quidem
1236 1655 1446 1690 denariatam
1474 1662 1567 1690 terre
1596 1655 1674 1689 uolo

215 1730 291 1751 esse
311 1717 410 1751 dictis
430 1716 609 1751 Fratribus
629 1716 684 1750 uel
704 1729 822 1751 eorum
842 1716 1056 1762 procuratori
1076 1729 1143 1762 quo
1163 1716 1204 1750 ad
1231 1716 1295 1750 hec
1312 1725 1320 1752 Ι
1337 1716 1370 1750 in
1390 1723 1596 1763 perpetuum
1617 1717 1674 1750 ob-

214 1777 352 1823 ligatam
372 1777 414 1811 ad
434 1777 519 1810 duos
538 1776 618 1811 anni
633 1776 799 1811 terminos
818 1785 826 1812 Ι
844 1777 1064 1811 medietatem
1080 1776 1244 1811 videlicet
1262 1777 1305 1811 ad
1320 1776 1505 1811 Nundinas
1524 1776 1675 1823 Glasgu-

216 1851 317 1873 enses
334 1847 342 1874 Ι
359 1845 393 1873 et
408 1837 506 1872 aliam
526 1837 746 1872 medietatem
766 1838 808 1872 ad
824 1837 965 1872 Festum
984 1837 1100 1872 Sancti
1118 1837 1261 1871 Martini
1280 1837 1315 1871 in
1334 1837 1460 1884 hyeme
1478 1837 1675 1872 immediate

217 1911 365 1944 sequens
391 1907 399 1934 l
422 1898 532 1944 primo
560 1898 708 1932 termino
735 1898 923 1944 incipiente
955 1898 1060 1932 Anno
1092 1897 1235 1932 Domini
1262 1907 1270 1935 l
1299 1902 1345 1932 m⁰
1372 1907 1380 1934 Ι
1409 1903 1481 1933 ccc⁰
1507 1907 1516 1935 Ι
1541 1899 1675 1945 quinto-

217 1959 350 1993 decimo
374 1967 382 1994 Ι
408 1959 450 1993 ad
481 1958 652 1992 nundinas
685 1959 899 2005 supradictas
921 1967 929 1995 Ι
953 1959 1012 1993 Ad
1045 1971 1189 2005 quorum
1225 1959 1454 2006 quadraginta
1488 1959 1674 1994 solidorum

217 2019 426 2053 solucionem
453 2019 550 2053 annis
578 2019 723 2065 singulis
750 2019 906 2053 terminis
934 2019 1132 2053 memoratis
1150 2028 1158 2055 Ι
1174 2032 1229 2054 me
1246 2028 1254 2055 l
1271 2026 1307 2054 et
1332 2019 1480 2054 heredes
1505 2032 1599 2054 meos
1618 2021 1675 2054 ob-

217 2078 287 2124 ligo
305 2091 367 2124 per
385 2085 565 2124 presentes
583 2087 591 2114 Ι
608 2079 782 2113 subiciens
802 2092 854 2113 me
883 2086 916 2114 et
936 2080 1086 2114 heredes
1105 2092 1200 2114 meos
1219 2080 1326 2114 eciam
1345 2093 1412 2126 quo
1431 2080 1474 2115 ad
1493 2080 1558 2115 hec
1577 2081 1675 2115 iuris-

218 2138 363 2172 diccioni
383 2145 418 2172 et
436 2138 632 2172 cohercioni
653 2139 816 2186 Episcopi
837 2140 990 2186 Ergadie
1018 2147 1053 2174 et
1079 2141 1153 2174 eius
1172 2141 1324 2175 officialis
1340 2150 1348 2176 l
1365 2141 1422 2187 qui
1440 2154 1502 2187 pro
1521 2148 1675 2188 tempore

217 2198 346 2232 fuerint
362 2206 370 2233 Ι
387 2205 423 2231 vt
450 2198 513 2244 ipsi
541 2198 596 2232 nel
625 2211 743 2232 eorum
771 2200 858 2233 alter
885 2200 943 2246 qui
973 2213 1076 2246 super
1103 2201 1168 2235 hoc
1193 2201 1299 2235 fuerit
1316 2201 1502 2247 requisitus
1518 2210 1527 2238 l
1543 2202 1677 2248 possint

219 2258 275 2292 uel
294 2258 402 2304 possit
418 2266 425 2293 Ι
442 2270 495 2292 me
515 2264 550 2291 et
568 2258 716 2293 heredes
744 2272 837 2293 meos
865 2261 1074 2306 compellere
1102 2261 1173 2294 sola
1191 2261 1414 2307 inspeccione
1432 2263 1649 2308 presencium
1668 2272 1676 2298 s

221 2319 319 2352 vnica
337 2325 469 2352 tantum
496 2318 688 2352 monicione
715 2319 881 2365 premissa
898 2328 906 2353 l
922 2320 964 2354 ad
992 2321 1274 2355 obseruacionem
1294 2330 1329 2356 et
1347 2322 1557 2356 solucionem
1585 2323 1675 2357 dicte
