1922 2764
576 228 617 262 B.
648 228 693 263 V.
723 228 892 264 MARIE
920 229 988 264 ET
1017 230 1052 265 S.
1082 230 1240 266 ANNE.
1600 241 1641 272 13

175 326 295 361 baldus
312 325 525 361 Rankesoun
541 336 547 363 s
564 325 730 360 Valterus
746 326 901 362 Wilsone
918 340 922 363 i
942 327 1137 362 Willelmus
1155 328 1414 365 Hammiltoune
1432 340 1437 362 ι’
1456 331 1641 367 Gilbertus

176 386 350 421 Dawsone

174 553 463 606 VNIUERSIS
490 576 526 605 et
552 570 697 618 singulis
723 577 840 606 sancte
868 571 985 606 matris
1013 571 1160 606 ecclesie
1188 571 1267 605 filiis
1294 578 1477 618 presentes
1505 573 1636 608 litteras

173 631 380 679 inspecturis
407 631 532 666 visuris
559 631 701 666 lecturis
731 631 861 678 pariter
888 638 923 667 et
949 631 1117 666 audituris
1148 631 1387 667 GAUINUS
1415 633 1635 668 miseratione

172 693 290 728 diuina
305 692 600 739 Archiepiscopus
618 692 849 739 Glasguensis
903 692 1055 728 Salutem
1069 693 1104 727 in
1119 693 1270 727 omnium
1291 693 1469 728 Saluatore
1516 694 1636 740 Splen-

172 754 235 788 dor
261 759 405 801 paterne
432 753 544 800 glorie
575 753 654 800 [etc.
673 754 855 799 informa
873 754 1055 788 communi
1079 759 1120 788 ut
1144 766 1266 800 supra,
1290 766 1379 800 pag.
1400 752 1450 799 6']
1481 753 1635 789 Litteras

172 815 375 849 deuotarum
394 819 430 849 et
447 813 686 860 religiosarum
713 814 895 849 mulierum
923 814 1135 848 dominarum
1160 814 1365 849 Elizabethe
1392 814 1542 850 Homme
1566 816 1634 861 pri-

171 875 280 910 orisse
308 875 352 910 de
381 874 624 909 Northbervik
650 881 686 909 et
711 881 905 910 conuentus
936 874 1144 909 Monasterii
1171 875 1327 910 eiusdem
1354 875 1484 910 ordinis
1518 875 1634 910 Sancti

171 935 356 971 Benedicti
377 935 625 971 Sanctiandree
644 935 791 970 diocesis
809 945 817 972 l
833 942 1054 982 patronarum
1069 935 1216 971 ecclesie
1235 935 1458 983 parrochialis
1473 936 1516 970 de
1533 936 1633 982 May-

170 997 252 1031 boill
272 995 504 1043 Glasguensis
522 995 670 1030 diocesis
688 1004 697 1032 l
714 996 863 1031 Necnon
883 1002 918 1031 et
937 996 1264 1044 circumspectorum
1283 996 1435 1031 virorum
1453 996 1633 1043 magistro-

169 1070 244 1092 rum
257 1057 280 1094 J
283 1057 380 1092 acobi
396 1057 583 1092 Houstoun
598 1057 787 1092 subdecani
804 1056 1036 1104 Glasguensis
1051 1067 1058 1094 l
1074 1056 1226 1104 Collegii
1241 1057 1350 1092 Beate
1366 1057 1480 1091 Marie
1496 1069 1632 1103 semper

171 1118 330 1165 Virginis
346 1124 381 1153 et
400 1117 506 1152 Anne
520 1117 638 1152 matris
655 1118 729 1152 eius
748 1117 838 1152 infra
850 1131 966 1152 muros
980 1117 1129 1153 ciuitatis
1148 1118 1380 1165 Glasguensis
1399 1118 1514 1152 situati
1533 1117 1633 1164 primi

168 1179 360 1214 fundatoris
379 1185 414 1214 et
432 1179 598 1213 dotatoris
614 1188 620 1216 s
635 1191 674 1213 ac
691 1178 713 1214 J
717 1179 813 1213 acobi
842 1179 1017 1226 Kennedy
1043 1179 1204 1226 perpetui
1222 1179 1341 1214 vicarii
1366 1179 1457 1214 dicte
1485 1179 1632 1213 ecclesie

169 1240 213 1275 de
244 1239 416 1287 Mayboill
441 1250 447 1277 l
472 1239 709 1274 communibus
740 1239 906 1274 dictarum
939 1240 1153 1274 dominarum
1177 1240 1341 1287 priorisse
1373 1246 1408 1275 et
1438 1246 1631 1274 conuentus

168 1300 377 1335 Monasterii
395 1300 560 1335 antedicti
578 1313 617 1335 ac
634 1300 756 1337 Jacobi
775 1301 962 1335 subdecani
982 1307 1017 1336 et
1033 1301 1156 1337 Jacobi
1174 1301 1293 1336 vicarii
1318 1314 1489 1336 armorum
1509 1300 1631 1346 sigillis

168 1362 364 1409 respectiue
384 1361 550 1408 sigillatas
566 1371 572 1399 l
587 1361 750 1396 nouerint
768 1361 921 1396 vniuersi
942 1361 1197 1396 Christifideles
1219 1374 1282 1396 nos
1309 1362 1483 1409 recepisse
1538 1361 1631 1401 Qua-

168 1435 243 1457 rum
261 1423 453 1458 litterarum
472 1429 573 1458 tenor
592 1422 747 1470 sequitur
766 1423 800 1457 in
819 1423 883 1458 hec
902 1423 1008 1458 verba

169 1529 531 1582 SANCTISSIMO
549 1559 588 1581 ac
605 1547 804 1582 beatissimo
822 1547 858 1581 in
878 1547 1019 1582 Christo
1038 1552 1172 1594 patrum
1191 1548 1280 1594 patri
1298 1553 1335 1582 et
1352 1547 1490 1581 domino
1509 1553 1628 1581 nostro

168 1607 321 1642 Domino
338 1606 444 1641 Paulo
456 1606 574 1642 diuina
584 1607 804 1654 prouidentia
816 1608 910 1655 Pape
923 1607 1027 1643 tertio
1040 1614 1257 1643 sacrosancte
1271 1608 1427 1643 Romane
1439 1621 1479 1643 ac
1490 1608 1627 1642 Vniuer-

168 1668 247 1703 salis
266 1668 434 1703 catholice
453 1674 489 1703 et
503 1668 708 1715 Apostolice
728 1669 875 1704 ecclesie
895 1682 1026 1704 summo
1044 1669 1262 1716 maximoque
1281 1669 1435 1716 pontifici
1481 1669 1550 1704 Seu
1565 1668 1626 1702 eti-

167 1742 220 1763 am
238 1729 530 1764 reuerendissimo
549 1729 581 1763 in
600 1728 741 1764 Christo
758 1730 848 1776 patri
864 1736 899 1765 et
917 1730 1055 1765 domino
1075 1730 1228 1764 Domino
1246 1730 1386 1765 Gauino
1404 1729 1624 1764 miseratione

166 1790 282 1825 diuina
298 1789 573 1838 Archiepiscopo
590 1790 804 1837 Glasguensi
818 1791 919 1837 regni
937 1791 1051 1826 Scotie
1067 1790 1272 1825 cancellario
1309 1790 1513 1824 Vestrarum
1530 1801 1623 1823 sanc-

165 1850 295 1885 tissime
320 1856 356 1885 et
382 1851 674 1886 reuerendissime
703 1851 900 1898 respectiue
928 1851 1173 1898 paternitatum
1201 1850 1348 1885 humiles
1374 1856 1408 1885 et
1432 1850 1558 1884 deuote
1588 1849 1621 1883 in

167 1911 308 1947 Christo
325 1911 395 1946 filie
413 1911 619 1947 Elizabethe
645 1911 872 1959 permissione
891 1911 1008 1946 diuina
1034 1911 1198 1958 priorissa
1216 1916 1251 1945 et
1268 1910 1432 1957 religiose
1459 1910 1622 1944 mulieres

166 1979 358 2007 conuentus
370 1973 578 2007 Monasterii
591 1973 634 2007 de
648 1972 884 2007 Northbervik
896 1971 1026 2006 ordinis
1041 1971 1157 2006 Sancti
1174 1971 1357 2006 Benedicti
1373 1971 1621 2006 Sanctiandree

165 2033 311 2068 diocesis
326 2044 332 2071 s
347 2040 492 2081 patrone
511 2033 704 2068 indubitate
722 2038 892 2080 perpetue
907 2032 1035 2066 vicarie
1054 2031 1277 2078 parrochialis
1296 2031 1443 2066 ecclesie
1458 2031 1501 2066 de
1520 2031 1621 2078 May-

164 2093 247 2128 boill
269 2094 500 2141 Glasguensis
527 2093 674 2129 diocesis
727 2093 786 2127 Ad
812 2092 1087 2127 beatissimorum
1106 2092 1222 2127 oscula
1247 2092 1374 2139 pedum
1400 2091 1622 2127 humillimam

164 2155 430 2200 prostrationem
456 2154 554 2190 vobis
580 2153 779 2189 beatissimo
797 2153 886 2200 patri
907 2152 999 2200 Pape
1016 2164 1021 2189 s
1037 2165 1076 2187 ac
1093 2153 1191 2187 vobis
1212 2153 1504 2187 reuerendissimo
1530 2155 1619 2200 patri

168 2215 442 2262 Archiepiscopo
466 2214 684 2249 reuerentias
702 2226 778 2248 cum
796 2213 927 2248 honore
946 2219 1043 2248 tanto
1069 2213 1361 2248 reuerendissimo
1378 2213 1468 2260 patri
1487 2214 1620 2248 debitas

166 2275 386 2311 Sanctissime
406 2288 467 2310 seu
482 2275 584 2310 etiam
598 2274 891 2310 reuerendissime
910 2273 1106 2321 respectiue
1120 2279 1237 2321 patres
1251 2280 1289 2309 vt
1303 2273 1441 2308 diuinus
1456 2274 1568 2309 cultus
1583 2282 1619 2308 et
