1922 2764
627 351 667 385 B.
698 351 743 385 V.
772 351 941 386 MARIE
969 351 1037 386 ET
1066 352 1100 387 S.
1130 352 1290 388 ANNE.
1639 361 1684 392 35

227 447 356 482 dentali
375 454 410 482 et
428 454 539 483 terras
565 449 661 484 Petri
682 449 778 484 Watt
796 463 841 484 ex
861 450 1020 485 orientali
1037 459 1046 487 l
1062 451 1149 485 Item
1169 451 1236 486 due
1256 451 1331 497 rige
1350 458 1442 487 terre
1466 454 1623 499 jacentes
1650 456 1684 489 in

228 508 329 543 West
350 508 552 544 Wardlahill
572 510 662 545 inter
680 517 791 546 terras
810 511 981 557 quondam
1009 511 1128 546 Dauid
1156 511 1368 547 Robesoune
1396 526 1441 547 ex
1469 514 1627 549 orientali
1650 523 1686 550 et

225 569 430 604 occidentali
458 570 612 616 partibus
629 580 637 607 s
655 571 741 606 Item
770 571 802 605 in
824 571 944 606 eadem
964 571 1073 607 crofta
1091 578 1163 607 tres
1190 572 1266 618 rige
1293 578 1387 608 terre
1411 573 1568 620 jacentes
1594 575 1685 610 inter

225 635 335 664 terras
353 630 518 665 Willelmi
536 632 652 679 Brady
671 638 809 667 vocatas
826 641 835 668 l
852 632 930 667 The
947 632 1098 679 Tempill
1120 632 1246 679 Riggis
1263 641 1271 669 l
1288 646 1333 668 ex
1352 633 1511 668 orientali
1526 641 1561 669 et
1575 641 1686 670 terras

226 689 361 725 Thome
384 691 464 726 Hall
484 704 528 726 ex
547 692 752 728 occidentali
769 702 777 730 l
796 693 883 728 Item
907 706 974 728 vna
1002 694 1077 740 riga
1102 700 1196 728 terre
1221 694 1340 740 jacens
1368 694 1401 728 in
1430 695 1549 730 eadem
1578 696 1687 730 crofta

224 752 465 788 vocatalThe
495 753 599 787 Braid
628 753 724 801 Rigg
740 762 748 789 Ι
765 754 856 789 inter
883 760 993 788 terras
1021 754 1103 788 dieti
1123 754 1259 789 Thome
1290 754 1372 789 Hall
1401 768 1446 789 ex
1473 755 1632 790 orientali
1651 762 1686 790 et

224 818 335 846 terras
358 812 495 848 Valteri
523 813 705 849 Crawfurd
733 815 776 849 de
804 814 929 850 Ferme
957 827 1003 850 ex
1030 815 1235 850 occidentali
1252 823 1261 851 l
1278 815 1366 850 Item
1394 815 1461 850 due
1489 816 1564 863 rige
1592 822 1685 851 terre

220 873 377 919 jacentes
395 873 429 908 in
448 874 493 908 lie
515 874 603 909 Pant
621 887 665 909 ex
683 881 781 922 parte
800 875 941 910 australi
959 875 1068 910 orofte
1087 881 1209 910 vocate
1227 884 1234 911 Ι
1254 876 1359 911 Sanet
1377 876 1482 922 Mary
1502 876 1592 911 Woll
1612 886 1620 912 l
1637 877 1685 911 in-

223 940 277 968 ter
296 940 406 969 terras
425 935 615 982 capellanie
637 936 762 970 Sancte
783 935 966 971 Trinitatis
986 949 1031 971 ex
1053 936 1212 971 orientali
1232 943 1268 971 et
1294 943 1405 971 terras
1429 937 1525 972 Petri
1553 937 1621 972 Bar
1641 950 1685 972 ex

224 995 429 1030 occidentali
445 1005 454 1031 Ι
472 996 559 1031 Item
585 996 652 1030 due
679 996 755 1043 rige
774 1003 868 1031 terre
893 997 926 1031 in
955 997 1076 1032 eadem
1095 997 1204 1031 crofta
1232 997 1323 1032 inter
1353 1003 1464 1032 terras
1494 997 1588 1032 Petri
1617 998 1685 1032 Bar

223 1068 268 1091 ex
295 1057 499 1092 occidentali
527 1064 563 1092 et
588 1064 700 1092 terras
728 1057 863 1092 Thome
895 1057 977 1092 Hall
1005 1071 1050 1092 ex
1077 1057 1366 1094 orientalilItem
1394 1058 1428 1092 in
1451 1058 1589 1093 Kildale
1617 1059 1684 1092 due

223 1117 298 1163 rige
330 1125 423 1152 terre
454 1117 545 1152 inter
572 1126 682 1153 terras
713 1118 878 1153 Willelmi
908 1119 1027 1165 Brady
1056 1131 1101 1153 ex
1128 1118 1288 1153 orientali
1315 1125 1351 1154 et
1378 1124 1489 1154 terras
1519 1119 1685 1166 Stephani

223 1177 342 1225 Brady
361 1191 406 1214 ex
425 1179 629 1214 occidentali
646 1188 655 1216 l
672 1179 760 1214 Item
780 1191 849 1213 vna
866 1179 1016 1214 dimedia
1041 1179 1116 1224 riga
1133 1179 1166 1213 in
1187 1180 1297 1214 crofta
1314 1180 1445 1214 boreali
1464 1180 1555 1214 inter
1573 1185 1684 1214 terras

222 1239 393 1286 quondam
411 1240 533 1276 Jacobi
553 1240 785 1275 Pineartoune
805 1253 850 1274 ex
869 1240 1028 1275 orientali
1054 1247 1089 1275 et
1116 1247 1226 1275 terras
1256 1240 1395 1274 Patricii
1418 1240 1619 1287 Wodderop
1639 1252 1684 1274 ex

222 1300 427 1335 occidentali
445 1309 453 1336 l
470 1301 557 1335 Item
576 1313 681 1335 vnum
700 1307 937 1335 tenementum
952 1313 1028 1335 oum
1047 1306 1123 1335 orto
1139 1307 1175 1335 et
1193 1301 1326 1335 duabus
1341 1301 1447 1336 curtis
1465 1301 1550 1347 rigis
1570 1300 1683 1335 eidem

221 1361 457 1396 adiacentibus
484 1361 519 1396 in
544 1361 665 1396 eadem
684 1361 793 1396 crofta
819 1361 909 1396 inter
937 1367 1047 1396 terras
1076 1361 1214 1396 Patrieii
1238 1362 1439 1408 Wodderop
1459 1374 1504 1396 ex
1523 1361 1682 1396 orientali

221 1428 256 1456 et
275 1422 480 1457 occidentali
505 1422 660 1469 partibus
676 1431 685 1459 l
702 1423 790 1457 Item
810 1435 914 1457 vnum
941 1422 1104 1457 horreum
1123 1435 1199 1457 eum
1228 1422 1364 1457 hortulo
1384 1422 1539 1457 eiusdem
1563 1422 1683 1469 jacens

221 1483 254 1516 in
282 1483 351 1518 fine
380 1483 585 1518 occidentali
613 1483 695 1518 dieti
722 1483 824 1529 burgi
852 1483 943 1518 inter
970 1489 1080 1518 terras
1108 1496 1307 1518 communes
1334 1483 1490 1518 eiusdem
1518 1495 1564 1518 ex
1591 1483 1691 1535 omni.

220 1550 317 1591 parte
338 1563 343 1568 -
360 1544 578 1579 Presentatio
598 1544 821 1591 suprascripti
840 1543 1060 1590 prebendarii
1080 1544 1123 1578 ad
1141 1543 1287 1578 balliuos
1303 1550 1338 1578 et
1352 1544 1513 1579 consules
1533 1543 1683 1578 ciuitatis

223 1605 455 1652 Glasguensis
472 1614 480 1641 l
499 1605 675 1640 Admissio
694 1618 778 1640 vero
805 1605 846 1640 ad
877 1605 1094 1652 Prepositum
1114 1611 1149 1639 et
1168 1604 1201 1638 in
1222 1605 1296 1639 eius
1323 1605 1480 1640 absentia
1506 1605 1548 1639 ad
1576 1604 1682 1651 presi-

220 1667 359 1701 dentem
379 1676 414 1701 et
432 1666 682 1713 prebendarios
700 1666 792 1701 dicte
813 1665 1010 1712 Collegiate
1029 1665 1189 1700 Ecclesie
1210 1665 1380 1712 spectabit
1396 1674 1404 1700 l

218 1878 523 1944 PREBENDA
543 1908 694 1944 NONA
714 1908 944 1942 intitulabitur
961 1916 969 1943 s
988 1907 1171 1942 Prebenda
1192 1906 1308 1942 Sancti
1328 1906 1474 1940 Andree
1491 1905 1653 1952 Apostoli
1671 1916 1678 1941 s

219 1969 315 2004 euius
341 1970 533 2016 possessori
560 1969 766 2016 spectabunt
783 1968 916 2002 fruetus
935 1968 1188 2014 subsequentes
1205 1976 1214 2002 l
1233 1966 1392 2013 Inprimis
1411 1972 1557 2013 quatuor
1579 1967 1681 2001 solidi

219 2037 254 2064 et
279 2037 425 2076 quatuor
450 2030 583 2065 denarii
610 2030 652 2064 de
680 2035 881 2064 tenemento
908 2028 1079 2074 quondam
1109 2027 1243 2062 Thome
1273 2026 1373 2073 Boyd
1397 2027 1535 2073 jacente
1563 2027 1595 2061 in
1625 2029 1680 2062 via

219 2098 318 2125 extra
338 2091 475 2126 Portam
495 2090 696 2125 Australem
716 2102 782 2136 que
802 2089 897 2123 ducit
914 2088 955 2123 ad
977 2088 1125 2123 Cludam
1145 2100 1190 2122 ex
1215 2093 1313 2134 parte
1337 2088 1477 2122 australi
1497 2088 1651 2122 eiusdem
1669 2097 1676 2123 l

218 2151 310 2185 inter
335 2157 571 2186 tenementum
599 2150 771 2197 quondam
798 2149 951 2196 Eugenii
972 2148 1076 2195 Gayn
1105 2161 1150 2183 ex
1177 2147 1337 2183 orientali
1355 2154 1391 2183 et
1409 2148 1578 2195 quondam
1609 2148 1678 2182 Ro—

218 2211 308 2245 berti
341 2211 544 2258 Huggoune
577 2223 622 2246 ex
648 2209 853 2245 occidentali
881 2218 889 2245 l
917 2209 1004 2243 Item
1032 2209 1075 2243 de
1107 2214 1307 2244 tenemento
1334 2209 1505 2256 quondam
1538 2208 1674 2243 Thome

219 2271 428 2318 Blythmann
445 2277 590 2318 quatuor
606 2271 705 2306 solidi
720 2270 824 2305 annui
840 2269 996 2304 redditus
1011 2269 1149 2315 jacente
1164 2269 1197 2303 in
1216 2269 1285 2304 Via
1302 2269 1488 2304 Fullonum
1504 2282 1548 2304 ex
1564 2270 1676 2304 orien-

217 2331 277 2365 tali
303 2339 400 2378 parte
428 2332 582 2366 eiusdem
610 2332 700 2366 inter
727 2336 927 2366 tenementa
950 2330 1122 2377 quondam
1148 2330 1303 2377 magistri
1329 2330 1499 2366 Johannis
1531 2330 1618 2364 Blak
1640 2337 1675 2365 et

218 2404 309 2426 nunc
330 2393 396 2426 mei
413 2392 605 2427 fundatoris
625 2404 669 2427 ex
690 2391 830 2427 australi
850 2391 897 2425 Et
915 2396 1151 2426 tenementum
1170 2391 1341 2437 quondam
1361 2391 1488 2425 domini
1507 2390 1675 2426 Johannis
