1922 2764
98 568 193 602 xxiii.

244 275 314 305 250
837 269 1114 305 APPENDIX.

244 440 517 475 Instrumentum
537 440 700 487 Magistri
721 439 866 474 Roberti
887 439 1013 474 Moffat

246 533 317 599 IN
339 585 345 591 ·
372 564 582 599 NOMINE
605 586 611 591 ·
636 563 832 599 DOMINI
852 572 861 601 1
883 563 1036 598 ΑΜΕΝ
1064 585 1070 590 -
1098 563 1166 598 Per
1196 563 1262 598 hoc
1292 562 1559 597 instrumentum
1589 568 1707 609 pateat

245 625 337 672 quod
355 638 445 660 anno
464 626 506 660 ab
520 625 762 659 incarnacione
777 625 931 659 eiusdem
951 625 1139 659 secundum
1155 624 1450 671 computacionem
1467 623 1569 671 regni
1586 623 1706 659 Scoeie

244 686 424 721 millesimo
443 686 785 733 quadringentesimo
799 685 1096 733 tricesimoquinto
1115 685 1242 721 mensis
1257 685 1436 732 Februarij
1454 685 1510 720 die
1525 685 1707 720 vndecima

242 747 283 782 In
303 747 369 782 mei
389 747 512 793 notarij
545 747 673 794 publici
693 753 729 782 et
746 747 886 782 testium
918 747 1214 794 infrascriptorum
1245 747 1427 794 presencia
1456 747 1635 783 Johannes
1662 746 1705 781 de

244 808 356 843 Rosse
372 808 556 855 burgensis
571 808 673 854 burgi
687 808 731 843 de
749 807 886 855 Glasgu
902 808 1060 843 vendidit
1073 807 1265 843 venerabili
1278 808 1354 842 viro
1368 808 1533 853 magistro
1549 807 1707 842 Roberto

242 870 285 904 de
306 869 431 904 Moffat
449 869 665 903 thesaurario
696 869 844 904 ecclesie
867 869 1099 916 Glasguensis
1131 869 1304 903 dimidiam
1335 874 1469 916 partem
1489 868 1590 902 vnius
1620 868 1705 903 rode

242 931 315 965 siue
334 930 501 977 particate
521 936 614 964 terre
634 930 792 964 edificate
812 930 977 964 videlicet
995 929 1168 964 dimidiam
1187 936 1321 976 partem
1341 929 1444 964 trium
1462 928 1643 963 botharum
1670 934 1707 963 et

243 992 386 1026 duorum
407 991 569 1026 soliorum
597 990 690 1025 loftis
708 991 884 1038 wlgariter
909 997 1185 1038 nuncupatorum
1212 990 1396 1025 iacentium
1424 989 1458 1024 in
1477 990 1545 1024 fine
1564 988 1706 1024 australi

242 1052 367 1099 Magni
390 1052 468 1086 Vici
497 1052 675 1086 tendentis
702 1052 744 1086 ab
773 1052 931 1086 Ecclesia
951 1051 1153 1086 Cathedrali
1175 1050 1387 1098 Glasguensi
1408 1063 1528 1085 uersus
1548 1056 1583 1084 et
1610 1049 1708 1084 iuxta

243 1112 393 1148 Crucem
411 1113 494 1147 Fori
514 1126 559 1147 ex
577 1119 675 1159 parte
695 1112 854 1148 orientali
874 1113 955 1147 dicti
975 1112 1041 1147 vici
1068 1112 1160 1147 inter
1186 1118 1314 1147 terram
1343 1111 1514 1148 Johannis
1546 1111 1590 1146 de
1622 1110 1706 1145 Dun

242 1186 287 1208 ex
305 1180 403 1220 parte
422 1173 544 1208 boriali
572 1179 607 1208 et
634 1173 688 1208 lee
709 1173 857 1220 Couyhe
876 1174 919 1208 ad
937 1186 1152 1208 communem
1172 1173 1259 1208 viam
1288 1185 1332 1207 ex
1350 1179 1448 1220 parte
1467 1172 1607 1207 australi
1626 1184 1707 1219 qua-

242 1248 316 1270 rum
346 1236 449 1270 trium
484 1236 666 1270 botharum
698 1242 734 1270 et
765 1235 927 1270 soliorum
959 1235 1132 1270 dimidiam
1163 1241 1295 1282 partem
1327 1234 1492 1269 videlicet
1522 1233 1706 1269 australem

242 1296 362 1331 habuit
380 1296 493 1330 dictus
511 1296 690 1332 Johannes
705 1296 748 1331 de
767 1296 852 1331 Dun
876 1317 881 1323 ·
905 1297 953 1331 Et
967 1309 1067 1331 vnam
1083 1309 1229 1331 marcam
1249 1295 1353 1330 annui
1371 1295 1529 1330 redditus
1548 1295 1591 1330 de
1609 1301 1707 1330 tene-

242 1365 359 1392 mento
379 1357 517 1392 nouiter
536 1357 695 1392 edificato
714 1363 749 1392 et
767 1363 861 1392 tecto
879 1370 955 1392 cum
975 1357 1085 1392 sklate
1112 1357 1248 1391 iacente
1266 1356 1301 1390 in
1320 1355 1397 1391 vico
1416 1355 1473 1403 qui
1496 1355 1704 1402 Galowgate

242 1419 418 1466 wlgariter
437 1419 562 1454 dicitur
577 1432 622 1454 ex
640 1426 738 1466 parte
757 1419 878 1453 boriali
894 1419 1048 1454 eiusdem
1067 1419 1159 1454 inter
1173 1424 1410 1454 tenementum
1427 1417 1595 1452 Willelmi
1614 1417 1706 1452 Rate

242 1480 427 1526 burgensis
454 1480 537 1514 dicti
564 1480 667 1527 burgi
698 1480 741 1514 de
764 1480 901 1527 Glasgu
920 1492 966 1514 ex
996 1486 1093 1527 parte
1125 1479 1285 1514 orientali
1317 1485 1352 1514 et
1383 1485 1511 1514 terram
1542 1478 1707 1513 antedicti

242 1540 412 1576 Johannis
431 1541 474 1575 de
494 1541 579 1575 Dun
599 1553 644 1575 ex
662 1547 760 1587 parte
780 1541 986 1575 occidentali
1010 1562 1015 1567 ·
1040 1541 1128 1575 Item
1147 1540 1232 1575 duas
1260 1553 1392 1575 marcas
1419 1540 1525 1574 annui
1550 1539 1708 1574 redditus

244 1602 286 1636 de
306 1602 453 1648 quodam
471 1602 538 1636 alio
556 1608 758 1636 tenemento
776 1602 858 1636 dicti
877 1601 1046 1638 Johannis
1068 1601 1180 1636 Rosse
1198 1600 1343 1635 iacentis
1362 1613 1407 1636 ex
1431 1606 1529 1648 parte
1549 1600 1707 1635 occiden-

244 1663 303 1698 tali
334 1663 457 1710 Magni
479 1663 558 1698 Vici
589 1663 766 1698 tendentis
799 1676 817 1697 a
847 1663 939 1698 dicta
970 1662 1128 1697 Ecclesia
1148 1661 1348 1697 Cathedrali
1380 1674 1502 1696 uersus
1533 1667 1569 1696 et
1598 1673 1707 1708 prope

247 1724 396 1759 Crucem
417 1724 496 1758 Fori
516 1724 599 1759 dicti
618 1724 719 1770 burgi
738 1726 828 1758 inter
848 1737 1028 1758 commune
1049 1723 1186 1758 Venale
1206 1735 1252 1758 ex
1271 1729 1367 1770 parte
1387 1722 1528 1757 australi
1547 1728 1583 1757 et
1600 1722 1708 1769 quod—

246 1785 322 1820 dam
342 1791 578 1820 tenementum
598 1785 753 1820 existens
771 1785 805 1819 in
834 1785 990 1819 manibus
1009 1784 1178 1820 Johannis
1198 1783 1352 1818 Donaldi
1371 1783 1414 1818 de
1443 1782 1517 1818 Lee
1536 1795 1583 1817 ex
1608 1788 1708 1830 parte

247 1846 368 1881 boriali
386 1859 449 1893 pro
468 1846 645 1892 octoginta
675 1846 797 1881 marcis
817 1846 944 1880 vsualis
974 1851 1116 1880 monete
1147 1845 1249 1891 regni
1270 1844 1389 1879 Scocie
1410 1852 1445 1881 ΙΙ
1466 1844 1555 1879 Item
1585 1844 1706 1879 eodem

248 1907 302 1941 die
322 1907 498 1954 predictus
516 1906 695 1942 ,Iohannes
722 1907 765 1941 de
797 1907 880 1941 Dun
912 1906 976 1943 Jac
994 1906 1169 1953 wlgariter
1188 1905 1382 1940 nominatus
1408 1905 1575 1940 consimili
1606 1904 1708 1939 modo

248 1968 405 2002 vendidit
422 1968 556 2015 prefato
575 1968 740 2014 magistro
761 1968 917 2002 Roberto
936 1968 979 2002 de
1000 1967 1125 2002 Moffat
1143 1967 1265 2014 viginti
1285 1967 1412 2001 solidos
1427 1966 1532 2001 annui
1551 1965 1708 2001 redditus

248 2029 290 2063 de
310 2029 449 2063 dimidia
466 2035 564 2076 parte
584 2029 691 2076 ipsius
708 2029 877 2065 Johannis
897 2029 981 2063 Dun
1000 2029 1168 2063 dictarum
1187 2028 1289 2062 trium
1308 2027 1489 2062 botharum
1509 2033 1544 2062 et
1562 2027 1706 2061 (luorum

250 2089 410 2123 soliorum
430 2102 534 2136 supra
552 2090 642 2137 ipsas
661 2090 784 2125 bothas
803 2090 1032 2125 existencium
1052 2096 1087 2124 et
1105 2089 1189 2124 duas
1208 2101 1338 2123 marcas
1366 2088 1470 2123 annui
1489 2088 1646 2123 redditus
1664 2087 1707 2122 de

250 2162 317 2184 vno
335 2156 536 2184 tenemento
554 2150 689 2185 iacente
708 2151 741 2184 in
774 2157 872 2198 parte
891 2150 1051 2185 orientali
1078 2150 1160 2185 dicti
1179 2149 1303 2196 Magni
1322 2149 1402 2184 Vici
1421 2149 1512 2184 inter
1531 2155 1708 2184 tenemen-

250 2218 319 2245 tum
339 2211 509 2257 quondam
530 2211 635 2246 Alani
657 2211 894 2258 Hawystoune
915 2224 960 2246 ex
986 2218 1084 2259 parte
1111 2211 1232 2246 boriali
1252 2217 1287 2245 et
1312 2217 1439 2245 terram
1458 2223 1524 2257 que
1542 2210 1607 2245 fuit
1625 2209 1707 2244 dicti

249 2271 418 2307 Johannis
439 2271 551 2305 Rosse
574 2292 579 2298 ι
603 2272 691 2306 Item
711 2272 835 2319 viginti
854 2272 982 2307 solidos
1001 2273 1043 2307 de
1063 2285 1131 2306 vno
1158 2278 1359 2307 tenemento
1386 2272 1520 2306 iacente
1548 2271 1582 2305 in
1608 2277 1706 2318 parte

251 2332 408 2367 orientali
429 2332 507 2367 Vici
536 2332 719 2367 Fullonum
751 2333 841 2368 inter
873 2339 1109 2368 tenementum
1141 2333 1311 2379 quondam
1334 2332 1498 2367 Willelmi
1521 2331 1707 2367 Grenelaw
