1922 2764
275 292 341 327 162
695 290 1022 326 MUNIMENTA
1052 288 1309 325 FRATRUM

270 401 359 436 iuste
387 401 579 448 suscepisse
603 421 608 427 -
633 400 752 441 Quare
780 400 922 434 firmiter
949 400 1169 447 prohibemus
1196 411 1239 432 ne
1267 397 1342 444 quis
1371 396 1420 431 eis
1439 395 1587 431 malum)
1607 395 1729 429 moles-

270 463 350 497 tiam
367 470 376 498 Ι
392 461 549 496 iniuriam
569 474 629 496 seu
648 474 834 508 grauamen
854 461 991 508 aliquod
1010 461 1138 495 inferre
1158 465 1334 506 presumat
1360 458 1486 492 iniuste
1503 466 1512 494 l
1529 469 1633 504 super
1652 469 1729 490 nos-

270 530 357 558 tram
388 522 575 570 plenariam
606 522 855 557 forisfacturam
882 543 887 548 -
913 521 1157 556 Concessimus
1189 520 1296 554 eciam
1327 519 1457 554 eisdem
1489 518 1661 565 religiosis
1694 524 1730 551 vt

271 584 386 618 nullus
404 596 522 618 namos
547 595 626 617 suos
643 592 652 619 l
668 589 726 617 aut
751 582 924 617 homiuum
953 594 1090 616 suorum
1109 590 1117 617 l
1134 581 1245 628 capiat
1271 594 1333 628 pro
1360 580 1502 615 alicuius
1521 579 1639 613 debito
1657 578 1729 625 ple-

272 645 388 692 giagio
407 644 463 679 vel
480 644 655 678 forisfacto
672 653 680 679 Ι
697 643 761 677 nisi
780 656 842 690 pro
862 642 1050 677 eorundem
1070 641 1209 688 proprio
1228 641 1345 676 debito
1359 640 1534 688 plegiagio
1554 652 1615 674 seu
1632 639 1730 673 foris-

271 707 362 742 facto
385 728 390 733 ·
415 706 517 741 saluis
531 705 652 751 burgis
678 704 804 739 nostris
827 725 831 730 ·
856 704 998 738 firmiter
1025 703 1222 738 inhibentes
1238 712 1247 739 l
1264 715 1307 737 ne
1322 702 1397 749 quis
1412 709 1531 736 contra
1550 701 1636 735 hanc
1651 713 1730 734 con-

274 768 464 802 cessionem
486 772 634 801 nostram
654 766 746 813 ipsos
766 777 893 799 vexare
922 770 1096 811 presumat
1124 764 1249 798 iniuste
1266 773 1274 799 Ι
1292 776 1395 810 super
1414 762 1558 797 eandem
1579 768 1730 795 nostram

274 827 461 876 plenariam
480 827 728 861 forisfacturam
753 847 758 851 ·
784 825 989 859 Mandamus
1018 824 1159 872 insuper
1186 831 1221 859 et
1247 824 1390 858 firmiter
1409 823 1617 870 precipimus
1632 822 1731 869 justi-

275 889 387 924 ciariis
406 888 664 923 vicecomitibus
691 886 876 934 prepositis
905 892 940 920 et
959 899 1075 920 corum
1095 885 1230 920 balliuis
1250 885 1290 919 ad
1310 897 1395 932 quos
1415 890 1595 931 presentes
1615 883 1729 917 littere

274 949 501 996 peruenerint
517 957 525 985 l
541 954 578 982 vt
596 960 714 982 omnes
733 947 810 981 illos
830 947 863 981 in
883 959 1000 981 eorum
1020 947 1130 981 balliis
1150 959 1211 981 seu
1230 946 1350 992 burgis
1365 945 1422 992 qui
1442 945 1559 980 debita
1577 944 1707 978 debent
1724 953 1731 979 Ι

275 1011 404 1045 eisdem
424 1010 595 1056 religiosis
612 1018 620 1045 l
637 1009 678 1043 ad
698 1009 816 1043 eadem
837 1008 953 1043 debita
968 1008 1017 1042 eis
1033 1008 1087 1042 vel
1103 1021 1221 1042 eorum
1237 1014 1333 1042 certo
1348 1013 1520 1042 attornato
1539 1006 1637 1041 latori
1658 1018 1736 1053 pre-

277 1072 428 1106 sencium
448 1071 537 1105 iuste
558 1077 592 1105 et
616 1070 689 1104 sine
717 1069 886 1104 dilacione
907 1069 1086 1104 reddenda
1108 1091 1114 1096 ·
1137 1069 1324 1104 secundum
1352 1068 1444 1115 quod
1471 1067 1552 1102 dicti
1581 1067 1734 1113 religiosi

277 1133 330 1167 vel
351 1132 462 1166 dictus
481 1144 598 1166 eorum
619 1137 811 1165 attornatus
831 1130 921 1165 (licta
948 1130 1065 1165 debita
1089 1130 1152 1165 sibi
1172 1130 1292 1165 deberi
1312 1130 1353 1164 ab
1373 1129 1501 1164 eisdem
1523 1128 1736 1163 racionabili-

278 1200 331 1227 ter
350 1193 495 1240 probare
516 1199 679 1239 poterunt
697 1192 753 1226 vel
784 1192 912 1238 poterit
943 1204 1055 1226 coram
1088 1191 1137 1226 cis
1168 1198 1269 1238 prout
1300 1191 1425 1226 iustum
1456 1190 1562 1225 fuerit
1589 1190 1736 1237 compel-

278 1254 350 1288 lant
372 1274 378 1279 ·
402 1253 448 1288 ita
466 1253 557 1300 quod
576 1265 637 1299 per
657 1253 847 1287 eorundem
866 1252 1038 1287 defectum
1058 1252 1202 1299 amplius
1231 1252 1311 1287 inde
1340 1252 1461 1286 iustam
1489 1251 1735 1298 querimoniam

280 1327 347 1348 non
367 1314 544 1349 audiamus
566 1336 571 1341 -
595 1313 634 1348 In
651 1314 747 1348 cuius
766 1314 815 1348 rei
835 1313 1067 1348 testimonium
1091 1335 1096 1340 -
1120 1313 1180 1348 has
1198 1313 1331 1348 litteras
1347 1319 1481 1348 nostras
1501 1325 1608 1359 penes
1628 1312 1738 1347 dictos

280 1375 463 1422 religiosos
481 1381 651 1423 perpetuo
669 1387 886 1410 remansuras
906 1374 968 1408 sibi
988 1374 1062 1409 fieri
1080 1374 1223 1409 fecimus
1243 1380 1402 1421 patentes
1424 1395 1429 1400 ·
1458 1374 1560 1421 Apud
1583 1373 1708 1408 Perthe
1732 1394 1737 1399 ·

282 1443 403 1484 quarto
422 1437 477 1471 die
498 1436 625 1471 mensis
645 1436 740 1483 Junij
765 1457 770 1462 -
796 1435 902 1470 Anno
920 1435 1019 1482 regni
1040 1435 1146 1470 nostri
1170 1436 1277 1470 Sexto
1300 1457 1305 1461 -

286 1619 391 1655 Carta
409 1620 622 1667 quorundam
642 1619 845 1654 wictualium
865 1632 927 1666 per
946 1619 1119 1654 dominum
1140 1619 1182 1654 de
1204 1619 1360 1654 Dernele
1385 1620 1460 1654 loco
1481 1619 1739 1654 Predicatorum

285 1681 327 1715 de
350 1681 492 1728 Glasgw
512 1681 714 1715 donatorum

288 1779 422 1843 Sciant
439 1812 621 1854 presentes
644 1812 677 1840 et
696 1806 802 1840 futuri
823 1818 876 1840 me
895 1806 1089 1842 Johannem
1112 1806 1257 1841 Stewart
1274 1815 1282 1842 l
1299 1806 1472 1840 dominum
1492 1805 1535 1840 de
1556 1805 1712 1840 Dernele
1735 1814 1742 1839 l

286 1867 423 1902 dedisse
443 1867 655 1902 concessisse
670 1880 733 1914 pro
752 1867 862 1902 salute
881 1867 993 1901 anime
1012 1880 1088 1902 mee
1108 1873 1142 1902 et
1161 1867 1347 1902 animarum
1367 1867 1484 1901 vxoris
1503 1879 1578 1901 mee
1598 1866 1742 1913 prolium

286 1935 479 1963 nostrarum
498 1933 754 1963 antecessorum
781 1934 816 1962 et
834 1940 1070 1962 successorum
1091 1934 1126 1962 et
1144 1941 1205 1974 per
1223 1934 1406 1975 presentes
1424 1927 1644 1962 confirmasse
1663 1926 1744 1961 Fra-

286 1990 396 2024 tribus
416 1989 696 2024 Predicatoribus
715 1989 758 2024 de
781 1989 965 2024 Gleschow
990 2010 995 2015 ·
1019 1990 1051 2023 in
1073 1989 1199 2023 diuinis
1219 1989 1299 2023 Deo
1318 1988 1550 2023 seruientibus
1569 1995 1604 2022 et
1621 1988 1745 2035 imper-

286 2056 426 2096 petuum
447 2050 626 2084 seruituris
649 2071 654 2076 -
678 2062 778 2084 Vnam
798 2056 926 2084 certam
944 2050 1146 2097 pensionem
1166 2049 1362 2084 victualium
1381 2049 1658 2096 recipiendorum
1682 2070 1687 2074 ·
1714 2050 1746 2083 in

288 2110 434 2144 diuersis
465 2110 548 2144 locis
574 2111 659 2145 meis
682 2132 687 2136 -
711 2111 876 2146 videlicet
897 2131 902 2136 ·
927 2111 1011 2145 duas
1036 2110 1145 2145 bollas
1173 2110 1337 2145 frumenti
1367 2116 1402 2144 et
1420 2110 1504 2144 duas
1524 2110 1632 2144 bollas
1659 2109 1744 2156 ordij

290 2170 379 2217 apud
397 2169 607 2205 Crukistone
630 2192 635 2197 ·
659 2171 823 2206 videlicet
845 2193 850 2198 -
874 2172 917 2206 de
934 2171 1074 2218 Maynis
1093 2171 1246 2206 eiusdem
1270 2192 1276 2197 ·
1300 2177 1335 2205 et
1353 2170 1437 2205 duas
1454 2170 1563 2205 bollas
1577 2170 1686 2204 farine
1705 2170 1748 2204 de

290 2230 502 2264 mollendino
521 2231 563 2265 de
584 2231 741 2266 Dernele
761 2232 978 2278 recipiendas
997 2232 1166 2267 tenendas
1186 2239 1220 2266 et
1246 2232 1422 2266 habendas
1441 2231 1541 2266 dictis
1570 2231 1748 2265 Fratribus

292 2291 418 2325 ibidem
450 2290 531 2325 Deo
558 2292 789 2327 seruientibus
821 2298 856 2327 et
887 2293 1139 2339 imperpetuum
1163 2292 1344 2327 seruituris
1363 2292 1405 2327 de
1425 2305 1478 2330 me
1497 2298 1533 2327 et
1564 2291 1749 2326 heredibus

295 2351 379 2386 meis
406 2351 658 2398 imperpetuum
696 2352 749 2386 Ita
776 2352 884 2386 libere
912 2352 1039 2398 intigre
1059 2352 1247 2386 honorifice
1275 2358 1310 2386 et
1340 2352 1373 2386 in
1405 2364 1489 2398 pace
1521 2352 1608 2386 sicut
1638 2351 1749 2397 aliqua
