1922 2764
107 1585 165 1614 44.

225 253 291 288 190
645 248 975 285 MUNIMENTA
1002 248 1261 284 FRATRUM

220 370 295 392 cum
315 369 487 392 consensu
506 357 589 393 dicti
609 357 776 393 Willelmi
795 359 846 393 sui
865 358 972 406 patris
990 358 1149 392 habentis
1168 358 1315 392 liberum
1338 363 1575 392 tenementum
1594 357 1682 392 eius-

219 419 295 453 dem
315 419 507 453 tenementi
524 431 587 466 pro
606 425 762 466 tempore
781 420 851 454 vite
871 432 931 454 sue
949 428 957 455 l
975 418 1132 453 vendidit
1150 418 1401 465 circumspecto
1421 418 1495 452 viro
1518 418 1684 465 magistro

217 480 369 517 Johanni
399 481 580 516 Restoune
600 481 730 516 vicario
757 481 800 516 de
833 481 1001 528 Dunlopp
1032 492 1156 514 nouem
1190 480 1318 515 solidos
1350 487 1385 514 et
1415 486 1493 515 octo
1524 479 1684 514 denarios

219 541 321 588 annuj
342 542 499 576 redditus
518 542 561 576 de
581 542 673 577 dicto
692 548 893 577 tenemento
915 562 921 567 ·
946 540 1057 576 Cuius
1076 541 1214 587 quidem
1242 541 1345 587 annuj
1375 540 1531 575 redditus
1559 546 1684 574 statum

219 609 254 638 et
273 603 431 637 saisinam
450 603 693 638 hereditariam
714 603 805 637 dicta
824 602 1027 648 Mergareta
1046 614 1121 636 cum
1140 615 1314 637 consensu
1333 602 1385 636 sui
1414 602 1519 649 patris
1549 602 1684 648 prefato

219 664 384 710 magistro
401 664 554 700 ,Iohanni
572 664 642 698 suis
662 664 848 698 heredibus
868 669 903 698 et
921 663 1105 709 assignatis
1124 663 1266 698 tradidit
1285 669 1320 698 et
1338 663 1426 698 tradi
1453 663 1535 697 feeit
1562 675 1624 710 per
1652 663 1684 697 le

219 725 305 772 hesp
325 731 360 759 et
378 724 491 771 stapill
510 731 548 759 ut
566 724 669 758 moris
688 730 741 759 est
759 724 794 758 in
814 725 925 770 burgo
945 737 1007 770 per
1023 724 1208 759 Danielem
1226 724 1369 759 Boware
1387 725 1547 759 balliuum
1568 724 1601 758 in
1622 724 1685 758 hac

219 792 317 832 parte
336 785 533 832 specialiter
551 785 753 832 deputatum
771 797 833 831 per
860 785 1019 819 Fratrem
1044 784 1225 820 Patricium
1249 786 1406 820 Guwane
1427 785 1583 820 Priorem
1602 786 1684 820 Fra-

219 853 309 880 trum
326 846 585 880 Predicatorum
598 846 642 880 de
656 845 820 892 Glasgwe
838 854 846 881 l
863 845 906 880 de
922 845 1018 880 cuius
1033 846 1215 893 potestatis
1232 846 1390 880 mandato
1407 853 1442 880 et
1455 846 1497 880 de
1513 859 1685 880 consensu

218 907 373 954 religiosi
394 907 457 953 virj
478 907 609 941 Fratris
627 906 797 942 Johannis
827 906 908 940 Mur
930 906 1059 953 Vicarii
1084 905 1272 942 Generalis
1290 907 1421 940 ordinis
1443 907 1608 941 antedicti
1627 906 1684 953 qui

219 968 395 1015 premissis
431 968 587 1002 interfuit
613 967 714 1002 michi
742 967 877 1002 notario
904 968 1099 1014 subscripto
1126 968 1337 1002 sufficienter
1364 968 1543 1002 constabat
1564 988 1570 994 ·
1594 967 1687 1002 Acta

218 1029 359 1063 fuerunt
384 1029 449 1063 hec
480 1029 569 1076 apud
603 1029 746 1063 fundum
777 1028 860 1063 dicti
892 1028 1081 1063 tenementi
1113 1028 1334 1075 presentibus
1365 1029 1493 1063 ibidem
1523 1028 1684 1064 Johanne

223 1089 344 1123 Burell
388 1089 544 1124 Henrico
563 1088 684 1123 Bnrell
730 1089 886 1124 Roberto
907 1089 1160 1124 Brownswalde
1199 1090 1359 1125 Johanne
1377 1090 1509 1124 Sinclar
1552 1090 1684 1126 Jacobo

221 1149 423 1185 Henrisoun
471 1150 627 1184 Roberto
650 1149 867 1185 Gilcristoun
901 1156 936 1184 et
969 1150 1125 1185 waltero
1159 1150 1335 1185 Patricson
1369 1151 1515 1186 testibus
1538 1172 1543 1177 ·
1571 1151 1684 1186 Alano

223 1211 343 1258 Graye
362 1211 558 1259 presbitero
580 1211 814 1258 Glasguensis
832 1211 983 1247 diocesis
1002 1212 1136 1247 notario
1156 1212 1293 1259 publico

222 1397 492 1431 Instrumentum
509 1396 611 1442 annuj
632 1396 789 1430 redditus
809 1408 882 1429 xxx
901 1396 1118 1430 denariorum
1139 1396 1182 1430 de
1201 1402 1403 1431 tenemento
1427 1396 1527 1443 juxta
1547 1396 1684 1431 Portam

220 1457 428 1492 exteriorem
450 1463 599 1491 nostram

218 1550 268 1616 ΙΝ
291 1583 366 1618 Dm
387 1595 533 1618 ΝΟΜῙΝΕ
554 1583 670 1617 ΑΜΕΝ
717 1582 784 1617 Per
803 1583 868 1617 hoc
882 1583 1149 1617 instrumentum
1168 1589 1285 1628 pateat
1299 1583 1390 1629 quod
1409 1595 1499 1617 anno
1514 1584 1556 1618 ab
1575 1585 1683 1618 incar-

219 1644 363 1679 nacione
383 1644 524 1690 Dominj
546 1644 727 1678 millesimo
746 1644 1089 1690 quadringentesimo
1118 1644 1375 1690 septuagesimo
1404 1650 1527 1678 octauo
1554 1646 1682 1679 mensis

219 1718 303 1740 vero
321 1706 416 1752 Junij
438 1705 494 1740 die
514 1706 647 1740 decima
666 1711 765 1740 sexta
808 1705 848 1739 In
869 1706 933 1752 mej
956 1705 1078 1752 notarij
1099 1705 1227 1752 publici
1254 1712 1289 1740 et
1315 1706 1454 1740 testium
1475 1706 1683 1753 subscripto-

217 1779 291 1801 rum
310 1766 492 1813 presencia
506 1766 735 1813 personaliter
751 1766 959 1801 constitutus
973 1766 1158 1813 religiosus
1173 1767 1225 1801 vir
1245 1766 1368 1801 Frater
1383 1767 1541 1801 dominus
1555 1767 1684 1803 Johan-

217 1841 279 1862 nes
299 1827 418 1874 Smyth
436 1827 536 1861 Prior
555 1834 637 1862 tunc
655 1827 820 1875 temporis
839 1827 903 1874 locj
923 1827 1163 1862 conuentualis
1178 1827 1338 1862 Fratrum
1361 1827 1620 1862 Predicatorum
1640 1828 1683 1863 de

222 1889 358 1935 Glasgu
377 1901 453 1923 eum
472 1901 645 1924 consensu
662 1889 774 1924 tocius
792 1894 986 1923 conuentus
1005 1888 1174 1923 dictorum
1193 1888 1355 1923 Fratrum
1374 1889 1500 1924 ibidem
1520 1902 1684 1936 persona-

217 1950 296 1985 liter
314 1950 531 1997 presencium
553 1956 588 1985 et
603 1950 831 1984 existencium
855 1971 860 1976 ·
884 1950 1033 1984 vtilitate
1049 1956 1084 1984 et
1099 1950 1277 1984 commodo
1292 1950 1372 1996 dictj
1393 1950 1458 1997 locj
1479 1956 1516 1985 et
1533 1963 1683 1985 conuen-

215 2018 271 2045 tus
286 2011 380 2058 prius
399 2011 553 2057 pensatis
572 2017 608 2046 et
625 2011 853 2045 consideratis
877 2011 964 2057 juris
982 2011 1173 2057 peritorum
1188 2011 1438 2045 communicato
1453 2011 1597 2045 consilio
1616 2023 1683 2045 ma-

216 2078 293 2105 tura
311 2070 566 2106 deliberacione
585 2071 766 2118 prehabita
788 2092 793 2098 ·
816 2072 991 2106 assedauit
1009 2078 1044 2106 et
1062 2072 1104 2106 ad
1122 2072 1214 2118 feodj
1234 2072 1365 2106 firmam
1384 2072 1523 2106 demisit
1541 2078 1630 2106 totas
1649 2078 1684 2106 et

215 2131 370 2176 integras
389 2136 499 2165 terras
514 2131 652 2166 minime
668 2132 843 2166 edificatas
858 2132 1016 2178 jacentes
1030 2132 1122 2167 inter
1136 2139 1247 2167 terras
1263 2139 1298 2167 et
1312 2139 1511 2167 tenementa
1528 2133 1683 2179 magistri

218 2191 363 2237 Robertj
394 2191 558 2225 Forester
577 2204 620 2226 ex
647 2198 745 2239 parte
764 2192 884 2239 borialj
905 2199 940 2227 et
957 2192 1127 2228 Johannis
1148 2193 1313 2228 Raburne
1333 2205 1377 2227 ex
1397 2200 1494 2240 parte
1513 2194 1653 2228 australi
1676 2215 1680 2220 -

216 2253 307 2287 dicto
318 2251 483 2297 magistro
497 2252 653 2287 Roberto
666 2253 830 2288 Forester
844 2253 1031 2288 heredibus
1047 2254 1116 2288 suis
1131 2260 1167 2289 et
1181 2255 1251 2289 suis
1265 2255 1449 2301 assignatis
1463 2268 1525 2302 pro
1540 2255 1682 2302 triginta

217 2312 368 2358 denarijs
386 2312 488 2358 annuj
510 2312 666 2347 redditus
685 2313 813 2347 vsualis
832 2320 970 2348 monete
1000 2314 1101 2360 regnj
1132 2315 1252 2349 Scocie
1280 2315 1381 2350 dictis
1409 2315 1520 2350 Priori
1548 2322 1584 2350 et
1601 2328 1680 2350 con-
