1922 2764
121 518 178 549 23.

621 219 836 255 ORDINIS
864 220 1299 258 PREDICATORUM.
1624 229 1690 263 165

233 392 339 427 Aliud
357 392 620 427 instrumentum
641 391 796 426 eiusdem
815 392 1006 427 tenementi
1029 413 1034 418 -

229 485 283 552 In
314 515 384 551 Dei
414 516 552 551 nomine
585 515 701 551 Amen
733 529 795 564 per
826 530 972 564 presens
1000 518 1266 553 instrumentum
1296 520 1428 554 cunctis
1454 529 1569 568 pateat
1599 524 1689 570 quod

226 589 317 612 anno
334 577 376 611 ab
395 576 636 612 incarnacione
652 576 793 625 Dominj
814 581 883 612 mmo
906 599 912 605 -
935 583 1051 614 ccccmo
1072 600 1078 606 ·
1102 583 1211 613 xxx¹¹¹⁰
1234 601 1239 606 -
1262 580 1391 616 mensis
1411 581 1619 618 Decembris
1633 584 1688 619 die

225 638 296 684 xxij
320 658 326 664 ·
348 637 389 672 In
409 638 476 672 mei
496 638 618 685 notarij
639 639 768 685 publici
788 645 824 674 et
841 640 980 674 testium
1000 641 1271 688 subscriptorum
1291 642 1474 688 presencia
1501 645 1689 690 personali-

223 704 277 733 ter
292 699 480 734 constituta
500 720 506 726 ·
531 698 735 746 Mergareta
762 713 889 747 sponsa
908 701 1013 748 Alanj
1037 701 1252 747 Rankynson
1273 703 1458 750 burgensis
1490 704 1533 739 de
1556 705 1691 753 Glasgu

223 766 414 806 spontanee
430 765 465 794 et
478 772 547 794 non
562 767 680 795 coacta
695 767 731 795 vt
749 761 897 796 asseruit
912 771 920 798 l
936 762 1075 808 prebuit
1095 776 1193 797 suum
1212 776 1420 798 consensum
1435 770 1470 799 et
1484 778 1662 800 assensum
1685 789 1689 794 -

223 820 421 856 vendicioni
439 821 615 856 cuiusdam
633 822 826 857 tenementi
846 823 952 870 ipsius
973 823 1077 870 Alanj
1098 823 1243 859 iacentis
1261 824 1296 859 in
1316 825 1457 861 ciuitate
1476 825 1690 873 Glasguensi

223 895 268 917 ex
286 888 384 929 parte
403 882 610 917 occidentali
642 882 766 930 Magni
786 883 867 919 Vici
899 884 1076 919 tendentis
1108 885 1150 919 ab
1182 885 1342 920 Ecclesia
1363 885 1563 921 Cathedrali
1584 900 1691 935 vsque

225 942 374 978 Crucem
393 943 475 978 Fori
494 943 586 978 dicte
605 944 755 979 ciuitatis
774 945 866 980 inter
884 951 1012 980 terram
1040 945 1179 980 heredis
1201 946 1348 981 Walteri
1371 947 1503 994 Sprewl
1523 961 1567 982 ex
1593 955 1691 995 parte

222 1005 363 1039 australi
385 1026 391 1031 ·
414 1011 450 1040 et
468 1011 594 1040 terram
614 1005 805 1053 capellanie
829 1006 1078 1041 Sanctiandree
1097 1006 1130 1040 in
1151 1007 1243 1042 dicta
1270 1007 1418 1042 ecclesia
1448 1008 1662 1054 Glasguensi
1685 1031 1690 1036 -

222 1078 268 1100 ex
293 1073 391 1112 parte
418 1066 540 1100 boriali
563 1087 569 1093 ·
592 1066 682 1101 facte
702 1067 867 1114 religioso
888 1067 961 1101 viro
980 1067 1135 1103 Domino
1156 1067 1331 1103 Willelmo
1351 1068 1393 1103 de
1413 1069 1557 1104 Forfare
1580 1069 1691 1104 Priori

222 1127 265 1162 de
290 1127 459 1173 Blantyre
479 1133 514 1162 et
533 1127 603 1162 suis
621 1128 806 1175 assignatis
829 1150 834 1155 -
860 1129 972 1176 Super
991 1129 1113 1175 quibus
1134 1128 1256 1164 Frater
1274 1129 1426 1166 Jacobus
1448 1130 1570 1177 Boyde
1592 1130 1695 1182 Prior¹

222 1188 381 1223 Fratrum
404 1188 663 1224 Predicatorum
683 1189 803 1224 domus
823 1190 866 1224 de
889 1189 1026 1236 Glasgu
1051 1196 1134 1224 tunc
1152 1203 1298 1237 presens
1317 1191 1424 1238 pecijt
1443 1204 1461 1225 a
1479 1204 1534 1226 me
1552 1192 1688 1227 notario

222 1250 298 1284 fieri
316 1250 490 1297 publicum
517 1250 783 1287 instrumentum
806 1271 812 1277 ·
838 1250 929 1285 Acta
946 1250 1088 1285 fuerunt
1105 1250 1170 1286 hec
1188 1251 1221 1285 in
1243 1251 1401 1287 Ecclesia
1419 1252 1587 1287 dictorum
1608 1253 1689 1288 Fra-

225 1318 314 1346 trum
344 1310 604 1346 Predicatorum
631 1311 721 1358 apud
752 1311 860 1346 altare
894 1312 1019 1346 Sancte
1053 1311 1220 1347 Katerine
1250 1312 1409 1359 Virginis
1432 1334 1438 1339 ·
1463 1313 1688 1349 Presentibus

225 1373 481 1408 venerabilibus
500 1379 536 1408 et
553 1373 713 1408 discretis
728 1373 810 1407 viris
825 1373 998 1420 magistris
1018 1373 1153 1408 Thoma
1171 1374 1214 1408 de
1234 1374 1369 1409 Ednam
1388 1375 1554 1410 canonico
1574 1375 1688 1411 Aber-

224 1433 370 1469 donensi
396 1455 402 1460 -
432 1434 608 1481 Stephano
651 1434 723 1469 Ker
754 1434 884 1469 vicario
912 1434 955 1469 (le
999 1435 1237 1470 Stewarttown
1270 1457 1275 1462 ·
1310 1435 1460 1470 Patricio
1503 1436 1686 1471 Gibonson

223 1495 383 1531 Johanne
402 1495 445 1530 de
465 1495 548 1530 Dun
569 1495 802 1542 burgensibus
824 1495 906 1530 dicti
924 1495 1027 1543 burgi
1054 1496 1097 1530 de
1120 1495 1256 1542 Glasgu
1275 1502 1311 1531 et
1339 1496 1514 1532 Willelmo
1533 1498 1576 1532 de
1598 1497 1687 1532 Har-

224 1569 342 1603 carrys
373 1556 520 1591 testibus
542 1578 548 1583 ·
577 1556 738 1593 Johanne
774 1557 817 1590 de
860 1556 996 1603 Hawyk
1036 1557 1232 1604 presbitero
1271 1557 1504 1605 Glasguensis
1540 1559 1686 1594 diocesis

224 1617 358 1651 notario
376 1616 513 1664 publico

227 1800 333 1835 Carta
363 1811 452 1846 pro·
476 1799 531 1833 xxi
553 1821 558 1826 ·
583 1800 701 1834 solidis
727 1812 790 1847 per
822 1800 973 1835 Alanum
1008 1801 1154 1836 Stewart
1188 1801 1231 1836 de
1264 1802 1404 1848 Dernly
1434 1802 1478 1837 de
1508 1804 1611 1838 terris
1643 1806 1686 1840 de

227 1860 397 1895 Cathkert
423 1860 498 1894 loco
518 1859 777 1895 Predicatorum
799 1861 842 1895 de
865 1861 1008 1908 Glasgw
1027 1861 1201 1896 annuatim
1222 1862 1398 1897 soluendis
1421 1884 1427 1889 -

166 2011 173 2017 .
225 1954 265 2019 v
281 1984 428 2019 niuersis
443 1984 515 2032 Xpi
532 1984 692 2019 fidelibus
707 1985 749 2019 ad
767 1998 911 2032 quorum
930 1985 1090 2020 noticiam
1104 1992 1286 2032 presentes
1305 1986 1532 2033 peruenerint
1551 1987 1687 2024 Alanus

227 2046 375 2081 Stewart
392 2045 550 2080 dominus
568 2046 611 2080 de
631 2045 793 2093 Dernley
812 2046 957 2081 salutem
986 2045 1167 2081 Noueritis
1188 2059 1242 2081 me
1261 2046 1400 2082 dedisse
1420 2048 1635 2084 concessisse
1655 2056 1690 2085 et

223 2107 289 2143 hoc
307 2107 462 2155 presenti
482 2107 610 2154 scripto
629 2120 706 2142 meo
725 2108 945 2142 confirmasse
964 2107 997 2141 in
1025 2113 1232 2154 perpetuum
1256 2107 1436 2143 Fratribus
1455 2109 1586 2144 ordinis
1607 2110 1688 2145 Pre-

224 2169 414 2204 dicatorum
441 2168 484 2203 de
507 2168 644 2215 Glasgu
670 2168 892 2215 presentibus
919 2174 955 2203 et
979 2168 1104 2203 futuris
1131 2168 1259 2203 ibidem
1286 2168 1367 2204 Deo
1394 2170 1629 2206 seruientibus
1653 2171 1687 2206 in

222 2242 342 2277 puram
358 2235 394 2264 et
410 2235 614 2276 perpetuam
630 2228 851 2264 elemosinam
867 2229 991 2276 viginti
1007 2229 1134 2264 solidos
1149 2230 1278 2265 vsualis
1296 2236 1435 2266 monete
1450 2232 1551 2279 regni
1567 2231 1687 2268 Scocie

222 2291 324 2326 michi
343 2290 519 2326 annuatim
533 2290 670 2325 debitos
685 2290 728 2325 de
746 2290 850 2325 terris
869 2290 912 2325 de
933 2289 1105 2326 Cathkert
1123 2290 1310 2326 soluendos
1327 2291 1428 2327 dictis
1446 2292 1626 2328 Fratribus
1645 2293 1688 2328 de
