1922 2764
497 227 712 264 ORDINIS
741 227 1177 265 PREDICATORUM.
1498 237 1569 272 229

105 339 265 387 perprius
278 338 475 374 habuerunt
489 344 618 374 certam
631 338 835 386 pensionem
849 338 1049 373 victualium
1063 339 1341 387 recipiendorum
1357 342 1446 377 infra
1464 343 1570 378 domi-

104 400 199 435 nium
226 405 382 435 nostrum
400 399 444 434 de
471 399 642 435 Darnelie
665 420 671 426 ·
694 399 907 434 NOUERrrls
928 412 1059 434 1G1'rUR
1086 412 1140 434 me
1167 400 1201 434 in
1222 401 1328 448 diuinj
1349 403 1461 438 cultus
1488 416 1571 451 aug-

104 466 258 496 mentum
275 460 311 495 in
330 459 510 495 elimosina
527 460 666 495 dedisse
685 460 900 496 concessisse
919 466 955 496 et
971 461 1036 496 hac
1059 462 1213 508 presentj
1242 475 1318 497 mea
1336 470 1431 499 carta
1449 465 1571 499 confir-

104 534 216 557 masse
234 534 298 569 pro
317 521 427 556 salute
446 521 559 556 anime
578 534 654 556 mee
674 528 710 557 et
727 522 915 557 animarum
946 522 1055 570 patris
1073 523 1139 569 mej
1158 531 1167 559 1
1184 528 1220 558 et
1245 523 1389 558 aliorum
1416 538 1569 560 meorum
1598 536 1689 562 Jacohi
1703 536 1782 570 quimj

105 582 443 629 consanguineorum
460 595 616 617 meorum
635 588 895 618 antecessorum
915 589 950 618 et
977 596 1215 618 successorum
1243 584 1424 620 Fratribus
1452 586 1572 621 Predi-
1599 583 1680 635 ¹¹³⁰&ss
1694 584 1828 609 Scotorum

105 643 279 679 cat-oribus
297 643 341 678 de
363 643 508 690 Glasgw
530 664 536 670 -
558 643 594 678 in
613 643 741 678 diuinis
768 644 850 679 Deo
877 644 1110 680 seruientibus
1130 651 1166 680 et
1192 645 1447 693 imperpetuum
1467 648 1573 682 serui-
1599 630 1757 664 ¹¹¹¹¹⁵t¹i⁵⁵i¹⁰j

105 704 192 739 turis
214 725 221 731 ·
244 717 344 739 vnam
372 710 502 740 certam
532 704 737 752 pensionem
758 705 956 740 victualium
986 705 1267 754 recipiendorum
1299 707 1342 742 de
1373 707 1458 742 locis
1489 709 1574 744 meis

105 765 308 813 subscriptis
327 765 492 800 videlicet
535 765 635 800 Duas
653 765 763 801 bollas
780 766 894 814 brasej
923 767 966 802 de
995 767 1195 802 molendino
1222 780 1299 803 meo
1328 768 1372 804 de
1404 769 1575 805 Darnelie

105 834 141 863 et
158 828 243 864 duas
261 828 371 863 bollas
388 828 499 863 farine
519 834 555 864 et
573 828 657 863 duas
676 828 786 864 bollas
813 829 909 876 ordej
938 829 1030 877 apud
1059 829 1272 865 Crukistoun
1300 830 1344 865 de
1372 830 1417 865 lie
1445 830 1575 878 Manys

105 889 261 924 eiusdem
280 889 499 936 recipiendas
544 889 735 924 Tenendas
754 895 790 925 et
807 890 984 925 habendas
1004 890 1105 925 dictis
1136 890 1317 926 Fratribus
1345 891 1576 927 Predicatori-

104 951 168 985 bus
187 951 231 986 de
254 950 398 997 Glasgw
416 950 545 986 ibidem
564 950 646 986 Deo
665 951 900 986 seruientibus
919 957 955 986 et
981 951 1236 999 imperpetuum
1256 952 1439 988 seruituris
1459 953 1502 988 de
1521 966 1576 989 me

105 1018 141 1047 et
158 1011 346 1047 heredibus
365 1012 450 1047 meis
469 1012 724 1060 imperpetuum
743 1012 834 1048 inter
852 1012 960 1048 Festa
974 1012 1178 1048 Natiuitatis
1202 1013 1344 1061 Dominj
1362 1020 1398 1049 et
1412 1014 1576 1050 Purifica-

105 1073 213 1108 cionis
233 1073 343 1109 Beate
362 1073 478 1109 Marie
498 1073 659 1121 Virginis
678 1073 726 1108 ita
743 1073 853 1109 libere
881 1074 1019 1121 integre
1047 1074 1237 1109 honorifice
1264 1075 1355 1110 bene
1375 1082 1410 1110 et
1428 1076 1462 1110 in
1490 1089 1575 1124 pace

105 1135 195 1170 sicut
213 1135 327 1183 aliqua
353 1135 534 1171 elimosina
560 1135 595 1170 in
622 1148 734 1183 regno
767 1136 883 1171 Scotie
915 1136 1016 1171 datur
1047 1137 1250 1172 conceditur
1281 1143 1318 1173 et
1347 1138 1546 1185 possidetur
1568 1161 1574 1166 ·

106 1197 312 1232 Reseruatis
332 1197 433 1244 michj
455 1203 491 1232 et
517 1197 695 1232 animabus
722 1197 965 1245 suprascriptis
992 1197 1206 1245 prefatorum
1234 1198 1394 1234 Fratrum
1415 1199 1575 1235 Predica-

105 1264 218 1293 torum
247 1259 451 1294 deuotarum
471 1258 665 1293 orationum
693 1258 867 1306 suffragiis
889 1279 896 1285 ·
919 1257 975 1293 ET
1001 1265 1039 1293 vt
1064 1258 1130 1294 hec
1159 1271 1306 1306 presens
1337 1260 1477 1295 donatio
1496 1273 1576 1296 con-

105 1319 216 1354 cessio
236 1332 275 1355 ac
289 1319 504 1354 confirmatio
522 1333 585 1367 pro
603 1332 658 1355 me
674 1326 710 1355 et
726 1320 916 1355 heredibus
930 1319 1016 1354 meis
1034 1320 1132 1355 firma
1146 1326 1284 1356 maneat
1302 1327 1338 1356 et
1355 1321 1455 1356 illesa
1473 1322 1574 1357 modo

105 1394 173 1428 quo
192 1394 296 1429 supra
314 1381 415 1416 dictis
446 1381 628 1416 Fratribus
655 1387 691 1416 et
710 1394 828 1416 eorum
851 1381 1110 1417 successoribus
1139 1381 1395 1429 imperpetuum
1424 1383 1574 1429 sigillum

105 1455 219 1477 meum
237 1443 460 1490 presentibus
478 1455 555 1478 mea
572 1455 675 1477 manu
690 1442 894 1490 subscriptis
910 1449 964 1478 est
978 1456 1167 1490 appensum
1192 1464 1198 1470 ·
1224 1443 1420 1485 QnocmeA
1439 1444 1575 1479 dilectis

104 1504 190 1539 meis
208 1504 341 1540 Jacobo
362 1504 518 1540 Steward
536 1504 580 1539 de
601 1504 801 1539 Cardonald
1439 1505 1575 1540 balliuis

105 1565 191 1600 meis
217 1565 253 1600 in
280 1565 344 1600 hac
370 1571 469 1613 parte
496 1565 695 1613 specialiter
722 1565 919 1600 constitutis
938 1565 1148 1600 coniunctim
1176 1571 1212 1601 et
1230 1565 1367 1601 diuisim
1394 1566 1546 1602 Salutem
1569 1587 1574 1592 -

108 1627 202 1668 Quia
228 1626 307 1674 dedj
338 1633 374 1662 et
399 1627 554 1674 concessj
584 1627 765 1662 Fratribus
787 1626 1070 1662 Predicatoribus
1089 1627 1132 1661 de
1155 1627 1299 1674 Glasgw
1318 1640 1420 1662 vnam
1447 1633 1576 1663 certam

105 1688 311 1734 pensionem
328 1688 528 1723 victualium
548 1694 586 1723 vt
603 1688 796 1735 predicitur
818 1709 823 1715 ·
849 1687 970 1723 Vonls
990 1688 1097 1735 igitur
1116 1694 1151 1723 et
1166 1694 1319 1723 vestrum
1339 1688 1482 1724 cuilibet
1499 1701 1576 1735 pre=

107 1749 196 1797 cipio
215 1755 251 1785 et
268 1750 394 1785 mando
413 1756 584 1798 quatenus
603 1750 686 1785 visis
713 1749 936 1798 presentibus
967 1749 1111 1784 indilate
1139 1755 1265 1784 statum
1293 1755 1328 1785 et
1354 1750 1515 1784 saisinam
1542 1756 1578 1784 et

106 1810 362 1857 possessionem
388 1810 633 1846 hereditariam
659 1811 854 1846 huiusmodi
879 1810 1057 1858 pensionis
1076 1810 1276 1845 victualium
1294 1810 1438 1858 prefatis
1457 1811 1577 1846 Predi-

108 1871 281 1906 catoribus
299 1870 480 1906 Fratribus
499 1872 543 1906 de
562 1872 704 1919 Glasgw
720 1872 778 1907 vel
796 1884 916 1906 eorum
935 1877 1032 1907 certo
1047 1877 1220 1906 attornato
1238 1872 1337 1919 latorj
1357 1872 1577 1920 presencium

108 1932 297 1968 secundum
312 1938 468 1968 tenorem
485 1938 579 1968 carte
599 1946 675 1968 mee
691 1933 925 1980 suprascripte
941 1933 1144 1968 deliberetis
1159 1939 1195 1968 et
1212 1933 1330 1980 haberj
1351 1934 1483 1969 faciatis
1503 1933 1576 1968 sine

108 1993 274 2028 dilatione
293 1999 329 2028 et
345 1993 412 2028 hoc
430 1993 525 2028 nullo
544 1993 645 2028 modo
664 1994 829 2029 omittatis
848 1994 890 2028 ad
910 1994 1001 2041 quod
1029 1994 1225 2029 faciendum
1243 1995 1342 2030 vobis
1369 2001 1404 2030 et
1422 2001 1576 2030 vestrum

108 2054 252 2090 cuilibet
278 2054 487 2090 coniunctim
515 2061 550 2090 et
576 2055 713 2090 diuisim
740 2068 850 2090 meam
880 2055 1071 2102 plenariam
1098 2061 1221 2091 tenore
1248 2056 1469 2103 presencium
1488 2069 1577 2091 com-

108 2116 208 2151 mitto
233 2121 443 2163 potestatem
465 2137 471 2143 -
495 2116 537 2151 IN
568 2129 678 2151 culus
712 2129 777 2151 ΒΕ]
805 2116 1041 2151 testimonium
1073 2117 1223 2164 sigillum
1254 2130 1368 2153 meum
1399 2118 1576 2166 proprium

107 2177 331 2225 presentibus
349 2190 426 2212 mea
444 2190 544 2212 manu
565 2177 768 2225 subscriptis
788 2183 841 2212 est
859 2190 1049 2225 appensum
1093 2178 1203 2226 Apud
1220 2178 1357 2226 Glasgu
1376 2179 1432 2214 die
1457 2185 1579 2226 quarto

108 2238 237 2273 mensis
256 2237 381 2285 Marcij
402 2250 493 2273 anno
512 2238 654 2285 Dominj
676 2238 857 2273 millesimo
885 2238 1166 2286 quingentesimo
1193 2239 1480 2287 quinquagesimo
1503 2253 1579 2288 sep—

108 2299 191 2334 timo
233 2299 359 2335 Coram
375 2299 440 2334 hiis
459 2299 605 2335 testibus
620 2299 752 2336 Jacobo
770 2300 924 2335 Steward
939 2300 982 2335 dc
1000 2300 1199 2335 Cardonald
1234 2301 1401 2348 magistro
1422 2301 1579 2336 Roberto
