1922 2764
193 242 259 272 102
514 236 668 271 LIBER
695 235 942 271 ECCLESIE
971 232 1310 270 COLLEGIATE

191 341 295 369 toune
315 347 359 368 ex
374 334 532 369 orientali
549 343 557 370 Ι
577 334 633 368 Ac
647 333 747 368 etiam
764 333 804 367 ad
820 333 906 367 duos
920 331 964 366 lie
980 336 1053 365 cutt
1067 342 1215 377 aggeres
1230 329 1387 375 jacentes
1402 327 1436 361 in
1457 327 1643 373 Kynclaith

191 395 282 429 iuter
300 400 410 429 terras
428 394 598 441 quondam
617 393 772 428 Eduardi
793 393 889 427 Scott
907 405 951 426 ex
969 390 1099 425 borcali
1118 396 1153 424 et
1171 395 1281 424 terras
1299 387 1420 424 Jacobi
1442 387 1643 434 XVodderop

192 467 236 489 ex
255 454 394 489 australi
412 463 420 491 l
437 454 525 489 Item
545 454 587 488 ad
606 466 705 488 vnam
725 465 835 488 acram
854 458 947 487 terre
971 452 1143 497 jacentem
1162 449 1195 483 in
1218 448 1406 494 Kynclaith
1425 447 1515 482 inter
1534 454 1644 482 terras

195 514 340 550 Roberti
369 514 506 561 Smytht
524 527 567 548 ex
595 513 753 548 orientali
772 520 806 547 et
824 524 982 558 magnum
1010 509 1205 557 passagium
1233 508 1306 543 siue
1326 520 1504 543 commune
1530 521 1645 555 passa-

192 575 286 622 gium
313 588 357 610 ex
384 574 587 609 occidentali
618 574 771 621 partibus
788 582 796 609 Ι
813 573 859 607 Et
885 572 926 606 ad
955 583 1054 605 vnam
1086 581 1242 615 maguam
1271 581 1381 603 acram
1410 568 1583 615 jacentem
1609 568 1643 602 in

194 635 385 669 Brvmelaw
412 635 502 669 inter
528 640 638 669 terras
665 633 853 680 capellanie
875 631 990 666 Sancti
1011 629 1219 665 Christofori
1241 641 1285 663 ex
1304 628 1461 663 orientali
1482 635 1517 663 et
1535 635 1645 664 terras

194 696 351 730 Fratrum
382 695 638 730 Predicatorum
665 693 813 728 ciuitatis
835 691 1064 738 Glasguensis
1092 703 1137 724 ex
1163 689 1367 725 occidentali
1394 689 1548 736 partibus
1571 710 1576 715 ·
1600 689 1647 723 Et

193 756 320 790 ibidem
345 755 539 789 Willelmus
567 754 790 788 Henrisoune
817 765 905 786 vnus
930 751 1134 785 balliuorum
1154 750 1244 784 dicte
1267 749 1415 785 ciuitatis
1442 750 1648 785 deliberauit

195 822 317 850 statum
338 821 373 850 et
391 815 548 849 saisinam
566 814 797 861 predictarum
813 820 981 846 terrarum
997 811 1089 845 dicto
1110 810 1266 845 Roberto
1281 816 1440 857 tanquam
1459 810 1529 844 filio
1549 810 1647 856 legit-

194 876 277 910 timo
304 881 339 910 et
364 875 485 909 heredi
514 874 595 908 dicti
626 874 703 907 olim
738 872 881 907 Roberti
914 871 1062 906 Favside
1095 870 1146 905 sui
1178 870 1284 918 patris
1307 891 1312 897 ·
1335 870 1383 904 Et
1414 870 1526 904 statim
1558 871 1647 905 idem

197 936 373 970 Robertus
391 934 581 981 resignauit
600 934 707 968 dictas
726 939 836 968 terras
862 932 895 966 in
922 931 1077 966 manibus
1096 930 1178 965 dieti
1205 930 1323 965 balliui
1341 930 1375 964 in
1393 930 1546 965 fauorem
1566 931 1649 965 dicti

196 996 349 1042 magistri
367 995 487 1031 Jacobi
508 995 715 1029 Houstoune
734 1006 796 1040 pro
816 998 910 1027 certa
928 1005 1057 1026 summa
1074 991 1221 1038 pecunie
1237 997 1273 1025 et
1287 990 1362 1025 aliis
1379 990 1648 1037 gratitudinibus

197 1056 260 1091 sibi
281 1057 436 1090 Roberto
456 1068 516 1102 per
534 1055 703 1102 prefatum
723 1053 924 1100 magistrum
940 1053 1051 1087 soluta
1065 1058 1100 1087 et
1114 1051 1277 1099 impensis
1294 1059 1302 1088 Ι
1321 1051 1401 1092 Qua
1414 1051 1648 1097 resignatione

198 1117 246 1152 sic
262 1117 352 1151 facta
369 1117 459 1150 idem
477 1116 623 1150 balliuus
643 1120 767 1149 statum
786 1120 821 1148 et
848 1113 1005 1148 saisinam
1032 1112 1260 1147 hereditarios
1288 1112 1454 1146 dictarum
1480 1118 1649 1146 terrarum

196 1190 259 1224 per
278 1183 370 1211 terre
390 1182 424 1210 et
442 1176 564 1223 lapidis
583 1175 803 1210 traditionem
822 1174 955 1221 prefato
974 1173 1138 1219 magistro
1164 1172 1296 1208 Jacobo
1315 1178 1350 1207 et
1369 1172 1438 1206 suis
1463 1171 1650 1206 heredibus

198 1245 232 1273 et
247 1237 428 1284 assignatis
443 1236 648 1271 deliberauit
670 1257 675 1262 ·
701 1235 925 1270 presentibus
940 1234 1067 1268 ibidem
1081 1233 1234 1280 prouidis
1250 1232 1332 1267 viris
1347 1232 1484 1267 domino
1501 1232 1651 1267 Ricardo

200 1298 415 1333 Otterburne
451 1296 586 1331 Thoma
622 1295 801 1331 Crawfurd
837 1301 872 1330 et
899 1293 1112 1329 Archibaldo
1141 1293 1310 1339 Wylsone
1333 1293 1428 1327 -ET
1456 1292 1567 1327 EGO
1592 1293 1651 1328 Jo-

198 1359 329 1393 hannes
342 1357 530 1392 Moresone
546 1357 729 1404 presbyter
747 1355 977 1402 Glasguensis
996 1354 1143 1389 diocesis
1162 1353 1319 1401 publicus
1335 1366 1431 1388 sacra
1448 1353 1651 1388 auctoritate

203 1417 403 1465 sipostolica
420 1417 573 1451 notarius
626 1416 718 1457 Quia
739 1414 833 1463 [eta]

200 1566 269 1631 IN
297 1596 387 1630 DEI
413 1595 550 1630 nomine
579 1594 693 1629 Amen
715 1615 721 1620 ·
745 1594 812 1628 Per
831 1593 895 1628 hoc
913 1593 1085 1640 publicum
1104 1593 1370 1627 instrumentum
1388 1591 1520 1626 eunetis
1539 1598 1654 1638 pateat

200 1657 291 1703 quod
310 1668 399 1690 anno
418 1655 662 1690 incarnationis
682 1654 866 1689 Dominice
885 1654 1065 1688 millesimo
1084 1652 1362 1699 quingentesimo
1383 1651 1654 1698 trigesimonono

200 1716 328 1751 mensis
346 1729 429 1751 vero
450 1715 573 1750 Marcii
592 1715 647 1749 die
667 1715 786 1762 quinta
802 1723 809 1750 l
828 1715 868 1748 In
887 1714 955 1749 mei
973 1713 1097 1748 notarii
1115 1713 1243 1760 publici
1269 1719 1304 1747 et
1327 1712 1465 1747 testium
1485 1711 1655 1758 subscrip-

200 1785 312 1813 torum
330 1776 506 1824 presentia
522 1775 752 1822 personaliter
770 1774 976 1809 constitutus
991 1774 1161 1808 discretus
1180 1773 1232 1807 vir
1248 1772 1452 1807 Alexander
1469 1771 1655 1806 Robesone

202 1839 326 1873 scissor
344 1836 528 1883 burgensis
548 1836 663 1883 oppidi
683 1836 725 1870 de
744 1835 973 1881 Edinburghe
1001 1833 1156 1868 existens
1174 1833 1209 1867 in
1229 1838 1319 1867 statu
1339 1838 1375 1867 et
1393 1832 1518 1866 saisina
1537 1831 1655 1878 quinte

202 1898 308 1945 partis
335 1897 485 1932 omnium
512 1902 547 1931 et
573 1896 785 1942 singulorum
813 1901 1089 1930 tenementorum
1117 1899 1152 1928 et
1177 1899 1345 1928 terrarum
1369 1892 1539 1939 quondam
1559 1892 1657 1925 Will-

204 1958 283 1992 chni
304 1957 440 1991 VValcar
459 1969 520 2003 per
546 1956 816 2003 resignationem
843 1955 1012 2002 quondam
1042 1953 1190 1988 Isabelle
1211 1953 1348 1987 Walcar
1374 1952 1493 1999 quinte
1518 1952 1658 1986 heredis

205 2018 287 2052 dicti
305 2017 475 2064 quondam
502 2017 668 2051 willelmi
688 2016 826 2051 Walcar
845 2022 880 2050 et
897 2014 1066 2051 Johannis
1086 2013 1224 2048 VValcar
1244 2013 1295 2047 sui
1313 2012 1427 2047 fratris
1444 2021 1452 2048 l
1468 2012 1659 2058 resignauit

204 2077 397 2112 huiusmodi
425 2083 624 2111 tenementa
658 2082 694 2111 et
721 2082 831 2111 terras
866 2075 901 2110 in
936 2075 1092 2109 manibus
1129 2073 1294 2107 Willelmi
1324 2072 1524 2107 Henrisone
1559 2072 1658 2106 vnius

205 2137 409 2172 balliuorum
443 2137 591 2171 ciuitatis
629 2135 861 2182 Glasguensis
900 2135 933 2169 in
970 2135 1123 2169 fauorem
1158 2133 1367 2168 venerabilis
1402 2132 1466 2167 viri
1505 2132 1659 2178 magistri

205 2196 327 2234 Jacobi
351 2196 558 2231 Houstoune
577 2197 764 2231 subdecani
787 2195 1018 2242 Glasguensis
1044 2207 1107 2241 pro
1125 2200 1220 2228 certa
1247 2205 1377 2227 summa
1402 2192 1548 2239 pecunie
1568 2192 1659 2226 dicto

209 2256 413 2292 Alexandro
430 2269 492 2303 per
510 2257 680 2303 prefatum
698 2256 896 2301 magistrum
913 2255 936 2291 J
939 2255 1081 2290 acobum
1096 2253 1286 2288 deliberata
1302 2262 1310 2289 s
1329 2253 1408 2294 Qua
1425 2252 1658 2298 resignatione
