1922 2764
600 251 642 286 B.
671 251 718 286 V.
746 250 916 286 MARIE
943 251 1012 286 ET
1040 252 1074 287 S.
1106 251 1263 287 ANNE.
1597 258 1660 289 121

206 361 282 383 cum
309 348 409 383 horto
428 354 463 382 et
481 348 613 383 duabus
639 348 724 395 rigis
751 354 844 383 terre
872 348 985 383 eidem
1012 349 1249 384 adiacentibus
1276 349 1367 384 inter
1394 355 1504 385 terras
1524 351 1663 386 Patricii

210 409 410 455 Wodderop
440 421 485 443 ex
513 408 671 443 orientali
703 414 738 443 et
768 408 974 443 occidentali
1004 409 1160 456 partibus
1186 418 1195 445 Ι
1224 409 1311 443 Item
1338 410 1381 444 ad
1407 410 1664 446 dimedietatem

205 469 305 503 vnius
323 469 462 516 aggeris
481 475 574 504 terre
598 469 771 516 jacentem
791 469 825 503 in
845 469 966 504 eadem
985 470 1094 504 crofta
1112 470 1204 504 inter
1222 475 1334 504 terras
1353 470 1524 516 quondam
1541 470 1663 508 Jacobi

208 530 439 565 Pincartoune
458 543 503 565 ex
521 531 681 565 orientali
700 537 736 565 et
754 538 865 565 terras
885 530 1025 566 Patricii
1044 531 1248 578 Wodderop
1268 543 1313 565 ex
1331 530 1537 566 occidentali
1561 532 1664 578 parti-

205 591 269 625 bus
285 599 294 627 l
311 591 399 625 Item
418 591 460 626 ad
481 591 566 625 duas
592 591 685 638 rigas
713 592 785 626 siue
813 604 963 638 aggeres
989 598 1159 626 terrarum
1183 591 1342 638 jacentes
1361 591 1395 625 in
1416 591 1554 627 Kildale
1572 592 1663 627 inter

205 658 315 686 terras
336 651 501 686 Willelmi
529 651 648 698 Brady
667 665 712 686 ex
738 652 899 687 orientali
918 658 953 687 et
970 658 1081 687 terras
1111 651 1277 699 Stephani
1305 651 1423 698 Brady
1443 664 1488 686 ex
1506 652 1664 687 occiden-

205 712 264 747 tali
281 721 289 748 Ι
306 712 394 747 Item
419 712 462 746 ad
489 712 573 746 duas
601 719 715 747 curtas
742 713 834 759 rigas
861 720 954 748 terre
979 713 1137 760 jacentes
1163 713 1198 747 in
1216 721 1224 749 l
1240 713 1285 747 lie
1316 713 1421 747 Sanct
1447 713 1551 760 Mary
1574 713 1665 748 Woll

207 772 308 808 Croft
324 781 332 809 l
349 773 440 807 inter
466 779 577 808 terras
607 773 729 809 Jacobi
758 774 959 821 VVodderop
987 787 1031 808 ex
1058 773 1264 809 occidentali
1291 780 1326 808 et
1352 780 1463 808 terras
1493 774 1664 820 quondam

164 878 167 880 -
202 834 325 869 Jacobi
345 833 552 868 Pincartone
572 846 616 868 ex
640 834 799 869 orientali
816 843 825 871 l
842 835 929 869 Item
958 835 1000 869 ad
1027 835 1111 869 duas
1139 834 1231 881 rigas
1258 840 1352 869 terre
1376 834 1533 880 jacentes
1560 847 1664 881 super

204 894 248 929 lie
269 894 358 929 Pant
373 903 382 931 l
398 907 442 929 ex
461 894 618 941 opposito
637 895 778 929 australi
797 895 888 930 dicte
908 895 1016 930 crofte
1039 895 1164 930 Sancte
1187 895 1300 930 Marie
1319 895 1411 930 inter
1429 902 1540 930 terras
1561 895 1664 930 Sanc--

203 955 333 990 tissime
353 955 537 990 Trinitatis
564 968 608 990 ex
636 955 795 990 orientali
822 962 858 990 et
885 956 981 991 Petri
1009 956 1077 991 Bar
1105 969 1149 991 ex
1176 955 1381 991 occidentali
1399 964 1408 992 l
1425 955 1481 990 Ac
1500 955 1603 990 etiam
1621 956 1665 990 ad

204 1028 308 1050 vnum
326 1016 488 1050 horreum
514 1029 577 1063 per
603 1016 732 1050 (lictum
760 1016 960 1063 magistrum
986 1017 1193 1051 Nicholaum
1220 1017 1357 1051 nouiter
1375 1023 1611 1052 constructum
1630 1023 1665 1051 et

203 1076 399 1111 edificatum
413 1077 533 1123 jacens
553 1077 585 1111 in
602 1077 670 1112 fine
685 1077 826 1111 australi
841 1077 923 1112 dicti
940 1078 1043 1124 burgi
1061 1077 1152 1112 inter
1170 1083 1281 1112 terras
1296 1090 1494 1112 communes
1509 1077 1663 1112 eiusdem

203 1150 248 1172 ex
275 1137 367 1172 omni
393 1144 491 1184 parte
519 1150 594 1172 cum
623 1138 735 1172 ortulo
764 1143 800 1172 et
826 1138 1048 1184 pertinentiis
1075 1138 1230 1173 eiusdem
1252 1159 1258 1165 ·
1282 1138 1330 1172 Et
1354 1138 1483 1172 ibidem
1508 1138 1664 1184 prefatus

204 1197 369 1244 magister
394 1198 585 1233 Nicholaus
610 1198 685 1232 zelo
704 1197 776 1233 Dei
796 1198 1055 1245 Omnipotentis
1083 1198 1289 1233 Beatissime
1310 1198 1468 1244 Virginis
1496 1198 1610 1233 Marie
1629 1205 1665 1233 et

205 1259 368 1294 Omnium
398 1259 601 1294 Sanctorum
628 1264 663 1294 et
688 1271 751 1306 pro
779 1259 889 1293 salute
916 1259 1027 1293 anime
1055 1272 1115 1294 sue
1146 1264 1328 1306 parentum
1355 1271 1493 1293 suorum
1518 1257 1664 1293 fratrum

202 1332 358 1354 sororum
376 1320 561 1355 amicorum
580 1320 915 1366 consanguineorum
944 1320 1202 1354 benefactorum
1230 1332 1368 1354 suorum
1384 1328 1393 1356 l
1409 1331 1449 1354 ac
1471 1331 1534 1366 pro
1552 1318 1664 1353 anima

203 1380 374 1426 quondam
392 1380 602 1414 venerabilis
629 1380 693 1414 viri
721 1380 875 1427 magistri
904 1380 1043 1414 Patricii
1064 1379 1232 1415 Covintre
1251 1379 1374 1414 decani
1392 1379 1435 1414 de
1459 1379 1662 1425 Restalrigl

202 1453 241 1475 ac
259 1441 436 1475 animabus
455 1440 604 1474 omnium
624 1441 777 1476 fidelium
795 1441 1035 1476 defunctorum
1053 1450 1062 1477 Ι
1079 1453 1198 1476 omnes
1217 1447 1253 1475 et
1274 1441 1428 1488 singulas
1453 1440 1663 1488 prescriptas

202 1509 313 1536 terras
331 1514 408 1536 cum
426 1501 646 1548 pertinentiis
664 1502 700 1536 in
718 1502 875 1536 manibus
899 1501 1037 1536 honesti
1055 1501 1120 1536 viri
1137 1502 1160 1538 J
1163 1502 1307 1537 ohannis
1328 1501 1457 1548 Young
1474 1501 1575 1536 vnius
1593 1501 1663 1535 bal-

202 1562 348 1596 liuorum
376 1561 459 1596 dicti
486 1562 589 1609 burgi
615 1562 754 1597 nomine
784 1563 931 1598 ecclesie
959 1563 1161 1610 simpliciter
1187 1562 1380 1609 resignauit
1402 1571 1410 1598 Ι
1435 1561 1664 1596 Reseruando

201 1623 315 1657 eidem
340 1623 488 1657 liberum
515 1628 753 1658 tenementum
780 1624 967 1658 earundem
995 1624 1240 1671 quoaduixerit
1265 1636 1410 1658 vnacum
1438 1622 1662 1669 dispositione

202 1691 237 1718 et
255 1684 382 1719 vnione
401 1684 614 1720 earundem!
633 1684 714 1725 Qua
738 1684 976 1731 resignatione
1004 1684 1053 1719 sic
1077 1684 1168 1720 facta
1194 1684 1284 1719 idem
1310 1684 1457 1718 balliuus
1484 1689 1608 1717 statum
1627 1688 1663 1716 et

202 1744 361 1779 saisinam
385 1744 553 1779 dictarum
580 1750 751 1779 terrarum
778 1745 842 1779 sibi
869 1745 1035 1792 magistro
1062 1745 1234 1779 Nicholao
1261 1744 1399 1779 nomine
1427 1743 1572 1778 ecclesie
1599 1754 1662 1788 per

201 1805 421 1840 traditionem
448 1811 541 1840 terre
569 1811 605 1840 et
630 1805 753 1852 lapidis
769 1815 778 1842 l
794 1806 1007 1840 reseruando
1026 1805 1090 1839 sibi
1114 1811 1151 1840 vt
1178 1817 1280 1852 supra
1296 1814 1305 1841 l
1321 1803 1528 1838 deliberauit
1549 1823 1555 1828 -
1579 1802 1660 1836 Pre-

202 1865 357 1900 sentibus
383 1865 511 1900 ibidem
530 1865 689 1900 discretis
713 1866 797 1900 viris
822 1866 983 1902 Johanne
1004 1865 1265 1912 Withirspovne
1283 1865 1353 1899 filio
1380 1863 1498 1898 Dauid
1518 1862 1660 1897 Withir-

202 1938 364 1972 spowvne
383 1931 419 1960 et
438 1925 653 1960 Archibaldo
672 1926 826 1973 Flegger
848 1947 854 1953 -
878 1925 946 1960 ET
974 1925 1083 1961 EGO
1109 1926 1131 1961 J
1135 1925 1288 1959 ohannes
1307 1924 1542 1958 Androsoune
1561 1923 1660 1958 cleri—

201 1998 261 2020 cus
283 1986 515 2033 Glasguensis
541 1986 689 2022 diocesis
715 1987 873 2034 publicus
900 1986 1104 2020 auctoritate
1129 1984 1335 2032 Apostolica
1359 1984 1513 2018 notarius
1567 1983 1660 2024 Quia

204 2045 300 2094 [eta]
330 2047 398 2082 ET
424 2046 534 2082 EGO
560 2047 739 2083 Johannes
758 2047 860 2093 Boyd
879 2046 1063 2093 presbyter
1085 2044 1316 2091 Glasguensis
1335 2044 1482 2079 diocesis
1500 2044 1658 2091 publicus

200 2107 405 2143 auctoritate
426 2108 630 2155 Apostolica
647 2108 801 2142 notarius
854 2106 947 2147 Quia
968 2104 1063 2152 [eta]
