1922 2764
601 212 641 246 B.
671 212 717 246 V.
746 211 915 246 MARIE
943 211 1011 246 ET
1040 212 1074 246 S.
1104 211 1264 247 ANNE.
1638 219 1657 254 7

201 308 408 346 Christofori
423 309 541 344 vicarii
552 310 785 356 predictorum
802 309 1014 356 propositum
1030 320 1036 346 s
1051 316 1256 356 perpetuum
1271 310 1467 357 Collegium
1482 312 1656 360 Collegia--

199 376 336 417 tamque
367 370 559 405 Ecclesiam
590 370 691 405 vnius
725 370 893 417 prepositi
924 376 959 404 et
990 382 1115 404 nouem
1150 371 1458 416 prebendariorum
1489 386 1527 407 ac
1554 374 1655 408 trium

198 444 385 478 puerorum
400 442 406 469 l
422 432 479 478 qui
499 437 601 466 erunt
618 431 651 465 in
672 437 775 466 cantu
801 437 837 466 et
863 430 945 465 alias
969 431 1069 477 juxta
1087 430 1169 465 dicti
1190 430 1341 476 Collegii
1361 432 1519 478 erigendi
1536 434 1656 468 funda„

198 492 301 526 tionis
332 498 489 527 tenorem
520 492 657 539 experti
688 498 724 527 et
750 492 783 526 in
815 492 1010 526 litteratura
1037 491 1181 526 scientia
1208 497 1244 526 et
1274 492 1427 526 moribus
1459 494 1584 528 eruditi
1600 505 1605 531 s
1622 495 1654 528 in

198 553 346 588 ecclesia
373 552 485 587 Marie
513 566 650 600 semper
677 553 837 600 Virginis
864 558 899 587 et
928 552 1032 587 Anne
1060 552 1178 587 matris
1205 552 1280 587 eius
1308 552 1492 587 Beatarum
1519 554 1552 588 in
1580 555 1656 589 vico

200 613 324 648 Sancte
353 613 479 648 Teneu
506 614 655 649 ciuitatis
684 620 800 649 nostre
831 614 1063 660 Glasguensis
1090 614 1155 648 sita
1182 619 1217 648 et
1242 626 1305 661 per
1332 614 1461 649 dictum
1487 615 1656 651 Jacobum

197 674 430 709 subdecanum
461 688 481 709 a
509 675 742 710 fundamentis
773 680 971 710 constructa
1001 681 1037 710 et
1068 675 1247 713 edificata!
1264 687 1368 722 super
1402 675 1531 710 vicaria
1565 676 1657 711 dicte

196 735 420 782 parrochialis
440 735 586 769 ecclesie
606 736 649 769 de
672 736 782 782 Dalry
802 749 867 782 que
896 736 938 770 de
965 742 1149 782 patronatu
1176 736 1387 782 prefatorum
1414 749 1507 771 nunc
1534 742 1569 771 et
1594 750 1657 783 pro

196 802 352 843 tempore
372 795 595 830 existentium
614 796 746 831 abbatis
762 803 797 831 et
815 803 1008 831 conuentus
1027 797 1110 831 dicti
1130 796 1337 831 Monasterii
1353 798 1397 832 de
1419 797 1658 844 Kilwynnyng

195 857 373 903 perpetuis
398 856 524 891 futuris
549 857 762 904 temporibus
789 857 908 892 existit
925 868 929 886 ι’
945 863 980 892 et
1007 870 1107 904 quam
1136 857 1240 892 abbas
1260 863 1295 892 et
1313 864 1506 892 conuentus
1532 857 1658 905 prefati

194 917 352 964 predicto
372 917 533 964 Collegio
552 917 721 964 erigendo
741 925 776 952 et
798 918 1018 965 prepositure
1046 918 1200 952 eiusdem
1220 924 1384 965 quantum
1404 919 1437 952 in
1459 919 1521 953 eiis
1541 924 1595 953 est
1613 919 1656 953 de

195 991 362 1026 expresso
381 991 553 1013 consensu
572 985 608 1013 et
625 991 769 1013 assensu
794 979 877 1013 dicti
905 979 1060 1025 magistri
1081 978 1289 1014 Christofori
1318 979 1418 1025 Boyd
1445 992 1537 1013 nunc
1564 979 1656 1014 dicte

195 1039 342 1075 ecclesie
360 1039 584 1087 parrochialis
602 1040 762 1087 perpetui
783 1040 901 1074 vicarii
924 1047 959 1074 et
984 1040 1193 1087 possessoris
1212 1040 1253 1074 ad
1273 1040 1434 1075 effectum
1461 1040 1656 1075 huiusmodi

195 1100 391 1147 Collegium
411 1100 552 1135 dotandi
578 1113 642 1148 pro
666 1101 785 1135 vicarii
812 1101 1023 1148 pensionarii
1051 1101 1084 1135 in
1113 1101 1205 1136 dicta
1222 1101 1429 1148 parrochiali
1447 1101 1595 1136 ecclesia
1613 1102 1656 1136 de

195 1162 307 1209 Dalry
321 1167 356 1196 et
371 1161 462 1196 illius
478 1167 513 1196 et
527 1161 830 1208 parrochianorum
846 1161 1000 1196 eiusdem
1016 1174 1097 1196 cura
1111 1161 1290 1208 perpetuis
1304 1161 1428 1196 futuris
1444 1161 1656 1208 temporibus

193 1222 403 1257 deseruituri
439 1222 690 1257 sustentatione
722 1222 942 1257 dimembrari
977 1223 1087 1269 primo
1119 1229 1154 1257 et
1184 1222 1310 1257 deinde
1346 1223 1484 1257 annecti
1515 1222 1657 1268 cupiunt

193 1283 389 1330 rcspectiue
405 1288 440 1318 et
455 1283 545 1317 vniri
579 1283 627 1318 Et
645 1296 749 1330 super
769 1284 872 1318 certis
892 1283 966 1318 aliis
982 1283 1085 1318 terris
1100 1283 1309 1318 tenementis
1327 1283 1605 1330 possessionibus
1621 1289 1657 1318 et

193 1344 315 1379 annuis
334 1343 527 1379 redditibus
544 1357 608 1391 per
627 1343 755 1378 dictum
775 1344 976 1391 magistrun]
994 1344 1161 1380 Jacobum
1182 1343 1416 1378 subdecanum
1434 1344 1653 1378 fundatorem

193 1417 237 1439 ex
257 1405 330 1440 eius
349 1404 520 1452 legittimo
535 1411 727 1451 conquestu
743 1411 778 1439 et
792 1405 960 1439 industria
975 1404 1152 1452 acquisitis
1170 1411 1205 1439 et
1219 1404 1252 1438 in
1268 1405 1419 1439 futurum
1435 1404 1654 1451 acquirendis

189 1472 223 1500 et
241 1466 275 1500 in
294 1466 581 1501 sustentationem
600 1466 906 1513 prebendariorum
923 1472 958 1500 et
975 1478 1161 1513 puerorum
1180 1465 1415 1512 predictorum
1434 1466 1650 1512 applicandis

192 1533 228 1561 et
239 1527 436 1562 diuidendis
452 1537 457 1561 s
473 1527 633 1561 ordinare
647 1533 682 1561 et
692 1527 839 1562 fundare
856 1538 862 1564 μ
878 1526 1119 1561 desiderantes
1151 1526 1299 1561 Necnon
1314 1526 1445 1560 abbatis
1458 1532 1493 1560 et
1504 1538 1654 1561 conuen-

192 1594 246 1623 tus
264 1601 304 1623 ae
322 1588 509 1623 subdecani
528 1587 720 1622 fundatoris
740 1593 775 1622 et
793 1587 910 1622 vicarii
931 1587 1184 1621 antedictorum
1210 1586 1357 1621 humiles
1385 1586 1653 1633 supplicationes

191 1655 228 1684 vt
245 1648 392 1696 predicti
409 1648 559 1695 Collegii
577 1648 815 1683 fundationem
834 1648 1046 1683 dotationem
1066 1648 1327 1695 dispositionem
1347 1654 1382 1682 et
1401 1647 1652 1682 ordinationem

190 1722 252 1756 per
271 1709 380 1744 nostri
399 1708 499 1744 officii
518 1709 787 1744 sollicitudinem
805 1709 848 1743 ad
867 1709 1027 1744 effectum
1055 1709 1248 1756 perducere
1271 1709 1532 1756 approbareque
1558 1708 1651 1742 ratif-

190 1770 293 1805 ficare
321 1778 356 1805 et
387 1770 591 1805 confirmare
623 1783 663 1805 ac
695 1770 892 1816 Collegium
923 1769 1119 1804 huiusmodi
1151 1769 1289 1816 erigere.
1322 1769 1440 1815 illique
1471 1768 1650 1803 ecclesiam

190 1831 437 1878 parrochialem
465 1831 658 1878 predictum
678 1831 721 1866 de
741 1831 854 1876 Dalry
874 1836 911 1865 vt
929 1830 1140 1877 premittitur
1160 1830 1259 1864 vnire
1279 1835 1466 1863 annectere
1485 1834 1521 1863 et
1538 1828 1649 1863 incor-

189 1905 313 1940 porare
327 1893 551 1941 dignaremur
569 1911 575 1917 ·
594 1893 818 1928 continentes
835 1902 841 1929 s
856 1891 1051 1938 recepimus
1066 1890 1098 1924 in
1115 1891 1180 1925 hec
1194 1890 1301 1924 verba
1325 1908 1329 1913 ·
1357 1908 1362 1913 ·
1387 1889 1650 1924 REUEREN-

191 1954 402 1989 DISSIMO
421 1954 455 1988 in
473 1954 614 1989 Christo
629 1953 719 2000 patri
738 1959 773 1987 et
791 1952 930 1987 domino
943 1951 1097 1985 Domino
1115 1950 1255 1986 Gauino
1271 1960 1277 1987 l
1292 1949 1513 1984 miseratione
1533 1949 1650 1984 diuina

194 2014 405 2062 Glasguensi
429 2014 706 2061 Archiepiscopo
722 2024 728 2051 J
745 2013 875 2048 Vestre
894 2011 1185 2046 reuerendissime
1204 2010 1422 2057 paternitatis
1449 2010 1596 2045 humiles
1615 2017 1650 2045 et

189 2075 307 2111 deuoti
325 2076 382 2110 filii
404 2075 610 2110 Alexander
641 2073 900 2109 Hammiltoune
921 2073 1025 2106 abbas
1052 2071 1262 2106 Monasterii
1281 2071 1324 2105 dc
1345 2071 1597 2119 Kylwynnyng
1614 2078 1650 2106 et

190 2136 344 2171 eiusdem
370 2145 563 2171 conuentus
590 2134 721 2169 ordinis
750 2133 866 2169 Sancti
893 2132 1077 2167 Benedicti
1105 2137 1220 2166 vestre
1243 2131 1474 2178 Glasguensis
1500 2132 1648 2167 diocesis

194 2197 247 2231 Ac
260 2197 415 2243 magistri
429 2197 580 2232 Jacobus
598 2195 784 2229 Houstoun
801 2193 1018 2228 subdecanus
1033 2199 1149 2227 vestre
1165 2192 1312 2227 ecclesie
1331 2192 1561 2239 Glasguensis
1601 2193 1649 2228 Et

191 2257 426 2292 Christoforus
448 2256 547 2303 Boyd
573 2261 762 2303 perpetuus
781 2254 929 2289 vicarius
956 2252 1178 2300 parrochialis
1198 2252 1344 2287 ecclesie
1364 2253 1406 2288 de
1426 2253 1539 2300 Dalry
1559 2253 1648 2288 eius-
