1922 2764
140 630 198 661 54,

139 2036 196 2066 55.

642 268 859 304 ORDINIS
888 267 1324 304 PREDICATORUM.
1645 277 1715 309 205

252 441 524 475 Instrumentum
544 440 587 474 de
607 439 742 474 duobus
762 439 883 474 solidis
902 439 936 474 in
956 439 1058 486 Bwyt
1080 452 1143 486 per
1162 439 1298 486 Fergus
1316 439 1493 476 Jamisone
1512 444 1685 478 concessis
1708 466 1713 471 ·

907 564 1035 600 Jhesus
1057 585 1063 591 ι

250 592 321 659 IN
349 623 420 659 Dei
438 623 576 659 nomine
598 624 713 659 Amen
732 637 795 672 per
814 624 879 660 hoc
898 625 1164 660 instrumentum
1182 631 1300 673 pateat
1318 626 1409 673 quod
1435 638 1525 660 anno
1544 626 1585 660 ab
1604 626 1713 660 incar—

249 685 394 720 nacione
414 685 555 733 Dominj
588 692 635 720 m⁰
666 690 779 721 ccccc⁰
811 686 920 733 primo
939 686 995 721 die
1015 699 1098 722 vero
1117 694 1217 722 sexto
1235 687 1363 722 mensis
1384 687 1468 734 Maij
1514 687 1553 721 In
1570 687 1634 733 mej
1656 699 1714 721 no-

248 746 324 793 tarij
357 746 484 793 publicj
513 754 549 782 et
574 747 715 782 testium
743 747 1016 794 subscriptorum
1042 748 1220 795 presentia
1246 748 1477 796 personaliter
1505 747 1713 782 constitutus

247 807 418 843 discretus
445 808 497 842 vir
524 808 715 855 Fergusius
745 809 866 855 Jacobj
897 814 1079 844 coronator
1098 809 1141 844 de
1169 809 1239 844 But
1268 809 1462 856 resignauit
1493 809 1524 843 in
1558 809 1714 843 manibus

247 869 387 917 discretj
408 869 471 916 virj
501 869 612 916 Finlaj
645 869 855 905 MacChaell
875 870 976 904 vnius
1003 871 1207 905 balliuorum
1236 871 1337 917 burgi
1364 871 1407 905 de
1438 870 1607 916 Rothisay
1627 869 1713 903 duos

247 930 375 965 solidos
391 931 494 978 annuj
510 931 668 966 redditus
687 931 722 965 in
739 931 871 966 duabus
886 931 980 966 rodis
994 937 1164 966 terrarum
1181 944 1256 966 cum
1274 931 1502 979 pertinencijs
1517 931 1713 978 jacentibus

246 992 336 1026 infra
366 992 512 1039 burgum
541 992 584 1027 de
606 992 775 1039 Rothisay
795 998 831 1027 et
861 992 1057 1027 libertatem
1078 992 1233 1027 eiusdem
1260 992 1456 1039 jacentibus
1486 992 1578 1026 inter
1602 997 1713 1026 terras

247 1052 385 1099 Moricij
420 1053 569 1100 Eugenij
603 1065 646 1088 ex
665 1059 764 1100 parte
792 1053 933 1088 australi
953 1059 990 1088 et
1007 1059 1119 1088 terras
1138 1053 1266 1088 domini
1286 1054 1329 1088 de
1352 1053 1533 1088 Kelisland
1552 1065 1596 1087 ex
1614 1059 1713 1099 parte

245 1113 368 1148 boriali
410 1113 490 1155 Qua
513 1114 755 1161 resignacione
775 1114 823 1149 sic
841 1114 931 1148 facta
949 1114 1060 1148 dictus
1081 1114 1246 1148 Findlaus
1264 1114 1411 1149 balliuus
1430 1113 1528 1148 dedit
1554 1113 1712 1148 saisinam

245 1180 449 1222 perpetuam
469 1176 503 1209 in
519 1175 619 1210 dictis
634 1175 767 1210 duabus
785 1175 879 1209 rodis
895 1175 937 1210 de
953 1175 1087 1210 duobus
1107 1175 1225 1210 solidis
1240 1176 1342 1222 annuj
1362 1174 1520 1210 redditus
1537 1173 1712 1219 Vifflelmo

246 1235 396 1271 Browne
418 1236 596 1283 Subpriorj
617 1236 857 1271 conuentualis
875 1236 1074 1282 monasterij
1095 1235 1254 1271 Fratrum
1275 1236 1534 1271 Predicatorum
1555 1235 1587 1270 in
1611 1235 1712 1270 Glas-

245 1310 321 1344 gow
341 1310 404 1344 pro
423 1297 492 1332 suis
513 1297 731 1332 oracionibus
749 1304 785 1332 et
812 1297 985 1345 suffragijs
1014 1298 1267 1345 imperpetuum
1290 1318 1296 1324 ·
1323 1298 1434 1345 Super
1463 1298 1585 1344 quibus
1612 1296 1713 1344 petijt

246 1358 423 1405 predictus
444 1358 626 1393 Wilelmus
644 1358 810 1405 Subprior
825 1371 844 1393 a
862 1371 915 1393 me
935 1359 1069 1393 notario
1084 1359 1223 1406 publico
1243 1358 1304 1405 sibj
1326 1359 1399 1405 fierj
1420 1359 1685 1393 instrumentum
1703 1368 1712 1395 l

247 1419 340 1453 Acta
358 1425 457 1454 erant
474 1419 539 1453 hec
557 1419 648 1465 apud
666 1419 841 1466 predictas
869 1425 980 1454 terras
1025 1420 1071 1454 Et
1095 1420 1138 1454 ad
1165 1419 1329 1454 maiorem
1355 1419 1489 1454 roboris
1516 1419 1712 1454 firmitatem

246 1479 397 1526 sigillum
418 1479 517 1526 officij
538 1479 621 1514 dicti
640 1480 739 1527 burgj
768 1480 990 1525 presentibus
1017 1481 1142 1527 apendj
1170 1480 1331 1515 fecerunt
1349 1493 1461 1515 coram
1480 1479 1546 1514 hiis
1565 1481 1712 1515 testibus

246 1540 385 1575 domino
405 1540 551 1575 Andrea
570 1540 762 1576 Banachtin
776 1541 904 1576 vicario
926 1541 1084 1576 Ecclesie
1101 1541 1210 1576 Beate
1227 1541 1340 1575 Marie
1357 1540 1516 1588 Virginis
1535 1541 1569 1575 in
1592 1541 1711 1575 Rothi-

246 1615 306 1649 say
341 1602 493 1638 Jhoanni
512 1601 700 1637 MacOleif
712 1608 747 1637 et
767 1601 954 1637 Malcolmo
973 1602 1191 1649 MacQuhyn
1212 1615 1287 1637 cum
1306 1602 1422 1636 multis
1441 1602 1516 1648 alijs
1535 1601 1681 1636 testibus
1704 1623 1708 1628 ·

249 1663 405 1698 Waltero
428 1664 583 1699 Steward
602 1664 729 1699 clerico
751 1664 868 1699 Sancti
888 1664 1034 1699 Andree
1054 1663 1202 1699 diocesis
1220 1663 1355 1698 notario
1372 1663 1511 1710 publico
1535 1684 1539 1688 -

248 1846 307 1881 De
326 1846 459 1881 duobus
479 1847 597 1881 solidis
616 1847 649 1880 in
671 1846 773 1893 Bwyt
790 1846 1025 1893 percipiendis
1048 1867 1053 1873 ·

914 1972 935 2008 J
940 1971 1043 2006 hesus

249 2001 320 2067 IN
348 2033 417 2079 Dej
438 2032 576 2067 nomine
598 2033 713 2068 AmeN
733 2045 796 2080 per
814 2032 879 2067 hoc
896 2032 1163 2067 instrumentum
1183 2037 1300 2079 pateat
1317 2031 1408 2078 quod
1433 2043 1522 2065 anno
1541 2030 1583 2065 ab
1601 2030 1710 2065 incar-

249 2094 393 2128 nacione
413 2093 554 2141 Dominj
595 2098 641 2128 m⁰
660 2099 772 2129 ccccc⁰
801 2097 836 2128 2⁰
868 2093 923 2128 die
942 2106 1026 2128 vero
1046 2093 1179 2127 decimo
1197 2105 1289 2126 nono
1320 2091 1447 2126 mensis
1479 2091 1624 2138 Aprylis
1668 2091 1708 2125 In

249 2155 314 2201 mej
335 2155 458 2201 notarij
478 2155 605 2202 publicj
627 2161 662 2189 et
679 2154 817 2189 testium
839 2154 1110 2201 subscriptorum
1134 2152 1319 2200 presencia
1335 2152 1566 2199 personaliter
1585 2151 1709 2186 consti-

248 2222 342 2250 tutus
361 2215 532 2250 discretus
550 2216 603 2250 vir
622 2215 813 2251 Duncanus
828 2215 1023 2250 Mackeller
1041 2220 1243 2262 procurator
1263 2213 1415 2259 Donaldj
1436 2212 1606 2247 Maclowe
1623 2221 1631 2248 l
1647 2212 1710 2246 iuit

247 2277 290 2311 ad
309 2289 412 2311 vnum
431 2282 668 2312 tenementum
684 2276 804 2323 jacens
822 2276 912 2311 infra
929 2276 1077 2323 burgum
1097 2275 1140 2310 de
1161 2274 1333 2321 Rotbisay
1351 2280 1387 2309 et
1406 2274 1600 2309 libertatem
1621 2273 1708 2307 eius-

248 2338 326 2373 dem
349 2338 469 2385 jacens
487 2338 579 2373 inter
597 2344 708 2373 terras
729 2337 874 2384 Robertj
906 2337 1061 2373 Steward
1081 2348 1126 2371 ex
1147 2342 1244 2383 parte
1264 2335 1422 2371 orientali
1442 2340 1477 2369 et
1495 2345 1708 2369 communem
