1922 2764
613 293 653 327 B.
683 292 730 327 V.
760 292 929 327 MARIE
957 292 1025 327 ET
1053 292 1088 327 S.
1119 292 1276 328 ANNE.
1628 299 1674 336 27

217 388 290 422 side
316 389 454 435 jacente
483 401 527 424 ex
557 396 654 436 parte
679 389 820 424 australi
847 389 930 424 dicti
958 389 1024 424 vici
1051 389 1142 424 inter
1169 395 1279 424 terras
1297 391 1466 426 ,Iohannis
1493 392 1602 439 Mayn
1629 407 1673 428 ex

215 449 420 484 occidentali
447 456 482 484 et
508 457 618 485 terras
645 450 817 497 quondam
846 449 1014 484 Willelmi
1044 450 1207 484 Salmond
1234 463 1277 485 ex
1305 450 1462 486 orientali
1493 453 1673 499 partibus!

215 515 286 543 tres
305 509 432 544 solidos
449 519 457 545 l
474 510 562 544 Item
581 511 624 545 de
643 516 844 545 tenemento
863 510 1034 557 quondam
1052 510 1222 546 Johannis
1238 510 1394 545 VVarnok
1412 524 1503 546 nune
1522 512 1673 559 Angusii

218 569 395 605 Aurifabri
415 577 449 605 et
467 571 595 606 domini
615 571 759 606 Martini
780 571 870 606 Reid
894 571 1033 617 jacente
1061 571 1094 605 in
1123 571 1243 606 eadem
1262 571 1318 605 via
1342 584 1387 606 ex
1413 573 1551 607 australi
1576 580 1673 620 parte

216 630 368 665 eiusdem
388 631 479 666 inter
497 637 607 666 terras
627 632 799 679 quondam
818 631 935 666 Dauid
955 631 1132 666 Menteith
1151 644 1193 666 ex
1214 631 1420 666 occidentali
1473 633 1519 668 Et
1539 633 1672 669 Thome

217 690 421 738 Colquhone
437 704 479 726 ex
496 692 654 726 orientali
673 692 826 739 partibus
844 701 852 727 s
868 699 939 727 tres
959 692 1086 727 solidos
1103 701 1112 728 l
1130 692 1218 727 Item
1233 692 1276 727 de
1291 698 1492 728 tenemento
1508 694 1672 729 Willelmi

218 750 356 786 Hechat
378 752 515 798 jacente
540 752 575 786 in
601 753 721 787 eadem
740 753 795 787 via
813 765 857 787 ex
883 758 981 800 parte
1008 752 1139 787 boreali
1167 753 1257 788 inter
1285 759 1484 788 tenementa
1504 754 1672 790 Johannis

216 811 344 847 Lowke
373 825 416 847 ex
443 812 648 847 occidentali
702 813 748 847 Et
774 819 965 848 torrentem
993 812 1228 860 Malyndonar
1247 826 1291 848 ex
1310 814 1471 849 orientali
1492 815 1671 861 partibus!

214 871 299 906 duos
326 872 453 907 solidos
470 882 478 908 Ι
496 873 583 907 Item
603 873 646 907 de
664 879 866 908 tenemento
888 873 1037 920 Georgii
1064 873 1184 908 Burell
1202 880 1297 909 trans
1316 880 1506 910 torrentem
1535 875 1672 923 Malyn-

214 932 321 967 donar
339 933 373 967 in
394 933 463 968 Via
483 934 598 968 Sancti
628 934 838 981 Kentigerni
858 947 902 969 ex
920 934 1059 969 australi
1088 940 1185 981 parte
1204 935 1296 970 inter
1315 942 1506 971 torrentem
1534 936 1671 984 Malyn-

213 993 321 1028 donar
339 1006 384 1028 ex
402 994 607 1028 occidentali
658 994 706 1028 Et
732 1000 843 1029 terras
871 995 1025 1029 eiusdem
1048 995 1196 1041 Georgii
1223 1008 1314 1030 nunc
1332 996 1502 1032 Johannis
1530 996 1607 1031 Bell
1627 1010 1671 1032 ex

213 1053 371 1089 orientali
397 1054 550 1101 partibus
567 1064 576 1090 l
592 1061 665 1089 tres
694 1055 822 1089 solidos
849 1062 885 1090 et
911 1061 1056 1102 quatuor
1084 1056 1269 1092 denarios!
1287 1056 1374 1091 Item
1402 1057 1445 1091 de
1465 1057 1556 1092 dieto
1575 1063 1671 1093 tene-

211 1121 328 1149 mento
353 1114 522 1151 Johannis
549 1115 627 1149 Bell
654 1115 782 1150 dudum
810 1115 892 1150 dicti
919 1116 1067 1162 Georgii
1097 1116 1343 1152 Burelllduos
1373 1117 1501 1152 solidos
1529 1124 1565 1152 et
1593 1125 1670 1154 octo

212 1175 371 1210 denarios
389 1184 396 1211 l
414 1175 501 1210 Item
520 1176 563 1210 de
583 1182 784 1211 tenemento
804 1176 930 1211 Lerins
960 1176 1165 1211 Alexander
1191 1177 1286 1224 prius
1314 1177 1468 1224 magistri
1497 1178 1670 1214 Nioholaii

215 1236 497 1283 Withirspovune
520 1237 658 1282 jacente
677 1237 712 1270 in
731 1237 852 1271 eadem
871 1237 926 1271 via
953 1250 997 1271 ex
1021 1243 1119 1284 parte
1138 1237 1269 1272 boreali
1290 1238 1443 1273 eiusdem
1463 1239 1554 1274 inter
1573 1246 1668 1275 tene-

210 1303 324 1331 menta
341 1296 486 1331 Andree
503 1296 796 1344 Withirspowune
812 1310 856 1332 ex
871 1297 1077 1332 occidentali
1093 1303 1127 1332 et
1143 1298 1313 1334 Johannis
1332 1299 1431 1345 Gray
1447 1312 1491 1334 ex
1510 1300 1669 1335 orientali

210 1357 363 1403 partibus
380 1366 389 1393 l
405 1357 494 1392 duos
521 1357 649 1392 solidos
666 1367 674 1394 l
691 1358 781 1392 Item
807 1359 850 1393 de
879 1364 1078 1394 tenemento
1107 1359 1242 1394 Thorne
1271 1360 1360 1394 Dow
1387 1373 1479 1396 nunc
1503 1362 1537 1396 in
1564 1363 1668 1397 mani-

208 1418 272 1452 bus
288 1417 483 1452 Alexandri
500 1418 608 1464 Steyn
620 1418 759 1465 jacente
774 1419 808 1453 in
824 1420 945 1454 eadem
959 1420 1015 1454 via
1029 1433 1073 1454 ex
1092 1426 1189 1467 parte
1204 1420 1335 1455 boreali
1349 1421 1440 1456 inter
1454 1434 1668 1458 communem

209 1478 379 1513 venellam
397 1491 463 1525 que
491 1479 585 1513 ducit
611 1479 652 1513 ad
680 1479 827 1514 Fontem
856 1480 972 1515 Sancti
1002 1480 1211 1527 Kentigerni
1239 1494 1283 1516 ex
1310 1482 1469 1517 orientali
1496 1490 1531 1518 et
1557 1490 1667 1518 terras

211 1539 315 1573 Knox
333 1552 377 1574 ex
396 1539 600 1574 occidentali
617 1548 625 1576 l
642 1546 713 1575 tres
732 1540 860 1575 solidos
877 1550 885 1577 Ι
903 1541 991 1575 Item
1010 1541 1053 1575 de
1072 1541 1199 1576 horreo
1224 1542 1353 1576 domini
1374 1543 1519 1578 Andree
1540 1544 1668 1579 Heriot

209 1599 242 1633 in
262 1600 381 1634 eadem
401 1600 456 1635 via
474 1613 517 1635 ex
536 1608 633 1647 parte
660 1601 791 1636 boreali
816 1601 907 1636 inter
934 1608 1045 1636 terras
1074 1601 1221 1637 Henrici
1249 1602 1369 1637 Burell
1392 1616 1436 1638 ex
1455 1604 1613 1639 orientali
1632 1612 1667 1640 et

209 1666 319 1695 terras
345 1661 514 1697 Johannis
543 1661 744 1709 Wodderop
764 1674 808 1696 ex
833 1662 1038 1697 occidentali
1064 1663 1219 1709 partibus
1236 1672 1245 1700 l
1262 1664 1452 1699 octodecim
1480 1665 1665 1702 denarios!

211 1720 297 1755 Item
312 1721 355 1755 de
370 1721 472 1755 terris
491 1721 695 1768 nuncupatis
712 1730 720 1757 Ι
738 1721 882 1756 Thomis
900 1722 1050 1757 Orehart
1067 1731 1075 1758 l
1091 1723 1174 1757 alias
1191 1732 1199 1759 l
1218 1723 1411 1759 Mentethis
1429 1725 1578 1760 Orchart
1594 1726 1665 1771 lja-

208 1781 365 1815 centibus
391 1781 482 1815 inter
500 1787 610 1816 terras
630 1782 834 1816 vicariorum
852 1783 947 1817 chori
969 1783 1200 1830 Glasguensis
1219 1796 1263 1818 ex
1282 1784 1486 1819 occidentali
1505 1792 1540 1820 et
1558 1799 1664 1832 quon-

209 1841 283 1875 dam
304 1841 421 1876 Dauid
441 1841 616 1876 Menteith
635 1855 679 1877 ex
699 1843 857 1877 orientali
875 1852 883 1879 Ι
903 1843 1051 1890 Georgii
1071 1844 1191 1878 Burell
1210 1856 1254 1879 ex
1272 1845 1402 1879 boreali
1419 1854 1428 1881 l
1444 1852 1479 1880 et
1493 1847 1662 1892 quondam

210 1901 356 1936 Roberti
376 1902 495 1949 Roger
514 1915 558 1937 ex
577 1903 717 1938 australi
735 1903 890 1950 partibus
907 1912 915 1939 s
932 1904 1017 1937 duos
1037 1903 1164 1938 solidos
1180 1913 1189 1939 Ι
1206 1904 1294 1938 Item
1313 1905 1356 1939 de
1375 1906 1476 1939 terris
1491 1907 1661 1952 quondam

210 1962 419 2009 Kentigerni
438 1963 626 1997 Mortoune
642 1963 836 2009 jacentibus
855 1964 890 1997 in
911 1963 1098 2009 Kynclaith
1117 1963 1209 1998 inter
1228 1970 1338 1998 terras
1360 1964 1505 2000 Roberti
1526 1966 1663 2013 Smytht

208 2036 251 2058 ex
270 2023 474 2058 occidentali
492 2029 528 2058 et
545 2029 654 2058 terras
677 2023 867 2070 Hospitalis
898 2023 1014 2058 Sancti
1040 2023 1213 2058 Nicholaii
1232 2036 1276 2058 ex
1295 2024 1454 2059 orientali
1482 2026 1634 2072 partibus
1652 2037 1661 2064 l

207 2084 356 2130 quinque
384 2083 539 2119 solidos!
562 2084 650 2118 Item
677 2084 720 2118 de
750 2083 907 2118 Pretorio
937 2083 1150 2129 Glasguensi
1181 2097 1306 2119 nouem
1333 2085 1589 2121 solidoslItem
1617 2088 1660 2122 de

207 2150 406 2179 tenemento
423 2144 592 2180 Johannis
613 2144 702 2178 Park
725 2144 864 2190 jacente
891 2143 924 2177 in
947 2143 1015 2178 Via
1035 2143 1160 2178 Sancte
1182 2144 1314 2179 Tenew
1333 2158 1377 2180 ex
1396 2146 1536 2181 australi
1562 2154 1660 2194 parte

207 2205 360 2240 eiusdem
378 2205 469 2239 inter
487 2210 596 2238 terras
615 2204 743 2240 Jonete
763 2203 990 2238 Dauidsoune
1010 2216 1054 2238 ex
1073 2204 1231 2239 orientali
1250 2211 1286 2240 et
1303 2206 1474 2252 quondam
1491 2206 1660 2243 Johannis

209 2265 399 2300 Allasoune
418 2277 461 2299 ex
480 2264 685 2298 occidentali
703 2264 857 2310 partibus
874 2272 882 2299 l
899 2264 984 2298 duos
1004 2263 1131 2298 solidos
1147 2272 1157 2300 Ι
1174 2264 1261 2299 Item
1276 2265 1318 2299 de
1338 2271 1538 2301 tenemento
1552 2280 1658 2314 quon-

207 2326 284 2361 dam
305 2325 449 2360 Andree
468 2324 569 2370 Boyd
588 2337 631 2359 ex
651 2324 770 2359 eadem
788 2330 886 2371 parte
903 2324 957 2359 vie
973 2324 1111 2371 jacente
1130 2325 1221 2360 inter
1239 2331 1438 2362 tenementa
1452 2327 1533 2362 dicti
1552 2341 1658 2374 quon-
