1922 2764
197 296 241 328 82
524 291 680 327 LIBER
706 291 954 328 ECCLESIE
983 291 1153 327 COLLE
1161 290 1324 326 GIATE

197 389 351 436 magistri
381 388 542 423 Rollandi
569 389 738 424 Blacader
765 389 952 424 subdecani
978 388 1209 435 Glasguensis
1236 386 1437 434 simpliciter
1463 386 1654 433 resignauit

199 457 234 485 et
252 449 495 485 extradonauit
512 463 671 485 asserens
691 463 727 485 se
746 450 885 484 easdem
903 449 1102 483 vendidisse
1122 461 1160 482 ac
1178 460 1241 494 pro
1267 452 1437 494 perpetuo
1459 447 1627 481 alienasse
1644 456 1653 483 1

198 523 275 546 cum
293 511 468 558 expressis
482 523 653 545 consensu
669 516 704 545 et
717 523 858 545 assensu
876 509 1079 544 Archibaldi
1095 507 1348 554 Cunynghame
1369 507 1421 542 sui
1439 507 1555 554 sponsi
1572 513 1655 541 tunc

198 571 371 618 presentis
390 577 425 606 et
442 571 609 618 premissa
633 570 845 606 ratifficantis
861 579 870 606 l
886 570 1050 615 magistro
1075 569 1208 604 Jacobo
1238 568 1444 604 Houstoune
1471 580 1534 615 pro
1561 573 1656 603 certa

200 645 330 666 summa
346 632 492 679 pecunie
510 631 593 678 ipsis
612 631 740 678 Egidie
759 637 794 666 et
813 630 1026 665 Archibaldo
1045 629 1251 675 coniugibus
1275 634 1453 675 gratanter
1479 629 1656 675 persoluta

202 693 273 734 Qui
291 692 392 728 etiam
413 692 646 727 Archibaldus
664 691 763 726 tactis
793 690 979 737 Scripturis
1001 689 1235 725 sacrosanctis
1254 689 1297 723 ob
1315 689 1350 723 id
1368 689 1593 736 corporaliter
1611 689 1655 723 de

199 766 269 788 non
293 753 466 788 veniendo
496 752 742 787 incontrarium
774 751 1019 798 premissorum
1050 756 1109 784 aut
1136 750 1405 785 contradicendo
1435 750 1573 797 publice
1600 749 1656 784 vel

201 815 334 850 occulte
353 814 474 861 quouis
493 813 627 859 quesito
645 813 760 847 colore
780 818 838 847 aut
864 811 1005 858 ingenio
1032 811 1185 858 prestitit
1207 811 1438 857 juramentum
1459 829 1465 835 -
1483 810 1554 851 Qui
1573 823 1656 844 vero

199 875 346 910 balliuus
368 874 559 909 huiusmodi
586 873 821 919 resignatione
849 872 898 907 sic
915 872 1005 906 facta
1031 877 1154 906 statum
1183 877 1219 906 et
1245 871 1401 906 saisinam
1429 869 1657 905 hereditarios

200 936 367 971 dictarum
392 935 534 969 duarum
561 946 715 968 acrarum
742 939 912 968 terrarum
938 932 1073 979 prefato
1097 931 1263 978 magistro
1289 931 1420 967 Jacobo
1450 931 1657 965 Houstoune

202 997 271 1031 suis
300 995 485 1030 heredibus
512 1000 547 1029 et
572 993 755 1040 assignatis
782 1006 844 1040 per
871 999 964 1028 terre
985 999 1020 1027 ct
1044 992 1167 1040 lapidis
1186 992 1405 1027 traditionem
1424 991 1631 1026 deliberauit
1652 1012 1657 1016 -

202 1057 427 1092 Presentibus
445 1056 572 1090 ibidem
587 1055 725 1089 domino
741 1054 887 1089 Andrea
904 1054 1042 1088 Walcar
1057 1053 1215 1088 Roberto
1234 1053 1447 1087 Moresoune
1463 1058 1498 1087 et
1515 1052 1659 1086 Andrea

205 1117 338 1152 Skeoch
355 1135 361 1141 ·
382 1116 448 1150 ET
470 1115 579 1150 EGO
598 1114 878 1151 JOHANNES
900 1114 1113 1149 Moresoune
1131 1114 1317 1161 presbyter
1339 1112 1570 1159 Glasguensis
1589 1112 1659 1147 dio-

202 1178 289 1213 cesis
307 1177 463 1224 publicus
483 1189 578 1211 sacra
599 1175 802 1211 auctoritate
824 1175 1027 1222 Apostolica
1046 1174 1199 1209 notarius
1252 1174 1345 1214 Quia
1366 1172 1462 1220 [eta]

202 1326 272 1392 IN
296 1356 385 1391 DEI
410 1355 619 1391 NOMINE
640 1354 754 1390 Amen
779 1375 785 1381 ·
810 1355 877 1389 Per
894 1354 960 1389 hoc
977 1354 1151 1401 publicum
1169 1353 1434 1388 instrumentum
1453 1353 1586 1388 cunctis
1604 1366 1661 1400 pa-

202 1423 274 1452 teat
293 1417 383 1463 quod
404 1429 493 1451 auno
512 1415 758 1452 incarnationis
780 1415 965 1450 Dominice
983 1414 1164 1449 millesimo
1182 1414 1461 1461 quingentesimo
1479 1414 1661 1460 vigesimo-

204 1477 349 1524 septimo
364 1476 491 1511 mensis
506 1489 589 1511 vero
607 1475 763 1511 Januarii
779 1475 835 1510 die
850 1474 1131 1522 vigesimoprimo
1153 1496 1159 1501 ·
1183 1474 1239 1509 IN
1258 1474 1324 1509 mei
1343 1474 1466 1509 notarii
1484 1474 1613 1522 publici
1628 1481 1663 1509 et

203 1537 343 1572 testium
362 1537 631 1583 subscriptorum
649 1535 826 1582 presentia
843 1535 1074 1582 personaliter
1092 1535 1299 1570 constitutus
1325 1535 1490 1582 magister
1510 1535 1663 1570 Michael

207 1597 370 1644 Hugonis
388 1597 546 1632 vendidit
571 1596 762 1631 venerabili
785 1596 860 1630 viro
885 1595 1051 1641 magistro
1069 1595 1201 1631 Jacobo
1232 1595 1437 1630 Houstoune
1466 1595 1663 1629 subdecano

210 1657 423 1704 Glasguensi
442 1669 544 1691 vnam
563 1669 675 1691 acram
694 1662 788 1691 terre
811 1668 886 1690 cum
913 1655 1133 1702 pertinentiis
1156 1655 1330 1702 jacentem
1356 1656 1390 1689 in
1418 1655 1463 1690 lie
1489 1656 1664 1690 Provand—

208 1718 280 1752 side
308 1717 396 1752 infra
422 1717 633 1751 territorium
655 1716 877 1762 Glasguense
896 1715 987 1750 inter
1005 1722 1116 1750 terras
1135 1715 1325 1762 capellanie
1347 1716 1462 1750 Sancti
1481 1716 1664 1750 Michaelis

209 1791 254 1813 ex
273 1777 431 1812 orientali
458 1783 494 1811 et
519 1782 630 1811 terras
654 1777 826 1823 quondam
854 1775 970 1810 Dauid
998 1775 1173 1811 Menteith
1197 1789 1241 1810 ex
1259 1776 1463 1810 occidentali
1479 1785 1488 1812 l
1504 1789 1567 1823 pro
1586 1789 1665 1823 qua-

209 1839 285 1873 dam
304 1850 433 1872 summa
450 1837 597 1884 pecunie
617 1837 681 1871 sibi
699 1837 863 1883 magistro
883 1836 1049 1870 Michaeli
1066 1849 1129 1883 per
1146 1836 1257 1883 ipsum
1282 1836 1481 1882 magistrum
1499 1836 1665 1872 Jacobum

209 1899 384 1946 persoluta
400 1907 409 1934 l
425 1898 545 1944 vigore
565 1897 661 1932 cuius
679 1897 889 1932 venditionis
913 1896 1106 1943 resignauit
1124 1896 1249 1930 dictam
1267 1909 1379 1931 acram
1397 1902 1490 1931 terre
1509 1896 1544 1930 in
1562 1897 1667 1931 mani-

210 1960 273 1993 bus
294 1958 440 1993 Roberti
467 1957 679 1992 Moresoune
704 1957 822 1991 balliui
849 1956 930 1991 dicti
958 1957 1087 1991 domini
1113 1956 1300 1991 subdecani
1319 1957 1360 1991 ad
1387 1956 1452 1991 hoc
1471 1957 1512 1991 ab
1532 1970 1572 1991 eo
1592 1970 1665 2004 spe-

212 2019 343 2053 cialiter
373 2018 551 2053 constituti
581 2018 698 2053 debite
733 2017 934 2064 recipientis
962 2038 968 2043 ·
1003 2017 1082 2057 Qua
1112 2017 1347 2064 resignatione
1379 2017 1428 2051 sic
1457 2017 1547 2052 facta
1577 2017 1668 2052 idem

213 2079 358 2113 balliuus
389 2078 530 2113 tradidit
560 2078 718 2113 saisinam
747 2077 991 2112 hereditariam
1022 2077 1179 2124 predicte
1209 2090 1288 2112 acre
1319 2084 1413 2112 terre
1444 2090 1507 2124 per
1537 2078 1670 2112 traditi-

214 2151 314 2173 onem
333 2144 425 2173 terre
445 2144 480 2173 et
497 2139 619 2185 lapidis
645 2138 802 2185 predicto
828 2137 993 2184 magistro
1010 2138 1142 2174 Jacobo
1169 2138 1366 2172 subdecano
1384 2151 1585 2185 quamquam
1613 2139 1669 2172 ab·

216 2198 305 2233 senti
330 2198 364 2232 in
391 2211 573 2244 personam
599 2198 728 2232 domini
758 2198 901 2232 Andree
932 2198 1088 2232 Skeoche
1121 2199 1318 2245 presbyteri
1348 2198 1584 2244 procuratorio
1611 2211 1669 2233 no-

215 2259 307 2293 mine
333 2258 440 2305 ipsius
458 2258 613 2304 magistri
630 2258 752 2294 Jacobi
770 2257 969 2304 recipientis
992 2279 998 2285 ·
1022 2258 1247 2293 Presentibus
1265 2259 1392 2293 ibidem
1411 2259 1570 2293 discretis
1588 2258 1670 2292 viris

215 2319 374 2355 ,Iohanne
391 2318 515 2353 Carrik
534 2324 569 2352 et
589 2318 745 2353 Heni-ico
767 2319 976 2353 Robesoune
992 2339 998 2344 -
1017 2318 1085 2353 ET
1103 2319 1213 2354 EGO
1230 2319 1408 2355 Johannes
1423 2319 1557 2365 Bridyn
1575 2331 1670 2366 pres-
