1922 2764
642 240 682 274 Β.
712 240 759 275 V.
789 240 957 276 MARIE
984 241 1052 276 ET
1081 244 1116 277 S.
1146 243 1305 278 ANNE.
1654 250 1694 281 21

241 343 433 372 conuentus
452 344 487 372 et
505 350 743 373 successorum
768 351 906 373 suorum
934 345 1156 386 patronarum
1184 341 1414 387 predictarum
1434 344 1593 389 quotiens
1611 345 1699 379 vica-

242 397 324 432 riam
356 397 608 444 pensionariam
625 407 689 435 lac
715 399 936 434 canonicatus
964 405 999 434 et
1025 400 1221 446 prebendas
1248 402 1400 448 prefatos
1427 409 1464 437 vt
1490 404 1698 449 premittitur

242 457 428 504 erigendos
444 467 453 494 l
470 458 568 493 simul
582 459 637 493 vel
649 459 845 506 respectiue
858 460 1045 506 contigerit
1056 474 1180 495 vacare
1197 469 1205 497 l
1221 463 1481 508 presentatioue
1498 481 1501 497 s
1515 471 1699 510 vestreque

240 518 531 553 reuerendissime
550 520 767 566 paternitatis
782 526 817 554 et
836 533 1073 555 successorum
1088 528 1282 556 vestrorum
1303 522 1450 557 ecclesie
1469 523 1699 570 Glasguensis

241 578 591 626 Archiepiscoporum
605 580 811 615 admissione
819 581 1003 615 collatione
1016 581 1216 628 prouisione
1229 588 1264 616 et
1276 582 1493 618 institutione
1505 594 1511 619 Ι
1527 584 1699 619 ordinaria

239 639 435 686 respectiue
449 640 573 674 fiendis
589 649 598 676 l
614 647 783 687 perpetue
799 641 919 675 vnioni
937 642 1161 676 annexationi
1180 648 1216 677 et
1233 643 1504 689 incorporationi
1523 656 1561 678 ac
1577 656 1699 678 eorun-

240 700 318 735 dem
348 700 476 735 vicarie
507 701 727 747 pensionarie
762 708 798 736 et
824 702 1084 737 canonicatuum
1113 710 1149 737 et
1179 704 1434 749 prebendarum
1466 704 1699 750 predictorum

239 761 406 795 erectioni
423 761 661 796 constitutioni
680 762 846 797 creationi
872 769 908 797 et
932 763 1201 810 incorporationi
1228 776 1290 810 per
1315 764 1531 799 sanctitatem
1550 771 1699 799 vestram

240 821 444 868 Apostolica
462 835 524 857 seu
542 823 645 857 etiam
663 836 726 870 per
743 823 986 870 paternitatem
1006 830 1155 858 vestram
1181 824 1506 858 reuerendissimam
1527 825 1701 860 ordinaria

238 882 434 929 respectiue
453 883 714 918 auctoritatibus
729 883 934 918 alternatiue
954 884 1078 918 fiendis
1095 893 1102 920 l
1120 897 1182 931 pro
1198 897 1251 919 me
1267 891 1302 918 et
1317 885 1574 919 successoribus
1589 886 1673 920 meis
1691 896 1698 922 l

237 943 451 989 presentium
469 949 591 978 tenore
606 944 764 978 omnibus
783 944 983 979 melioribus
1003 945 1103 979 inodo
1120 945 1174 979 via
1192 946 1300 979 forma
1315 946 1393 992 jure
1409 952 1444 979 et
1459 958 1561 980 causa
1576 947 1699 992 quibus

238 1004 360 1038 melius
378 1012 414 1039 et
432 1004 601 1039 efficacius
628 1017 767 1051 possum
790 1012 825 1039 et
843 1005 942 1039 valeo
960 1014 967 1041 l
985 1005 1164 1040 consentio
1194 1005 1239 1040 Et
1266 1018 1377 1040 meum
1407 1019 1613 1041 consensum
1641 1020 1699 1042 ex-

237 1077 393 1112 pressum
411 1065 541 1112 pariter
557 1071 593 1100 et
606 1077 784 1100 assensum
799 1065 840 1099 ad
860 1065 997 1112 singula
1012 1065 1230 1112 infrascripta
1245 1066 1345 1100 modo
1360 1067 1528 1113 premisso
1543 1067 1700 1102 facienda

238 1132 274 1160 et
291 1139 359 1160 non
379 1126 461 1161 alias
479 1126 610 1173 prebeo
652 1126 856 1160 Reseruatis
875 1132 989 1160 tamen
1010 1133 1044 1161 et
1063 1127 1323 1161 remanentibus
1342 1127 1444 1161 michi
1463 1129 1699 1174 quoaduixero

237 1187 395 1221 omnibus
410 1194 446 1222 et
457 1187 608 1234 'singulis
623 1187 791 1221 fructibus
810 1187 1002 1221 redditibus
1019 1187 1244 1233 prouentibus
1259 1188 1394 1234 juribus
1414 1188 1555 1222 decimis
1571 1189 1699 1223 obuen-

237 1247 388 1283 tionibus
419 1248 650 1283 oblationibus
681 1255 716 1282 et
743 1247 972 1282 emolimentis
1004 1248 1094 1282 dicte
1126 1260 1202 1282 mee
1234 1248 1362 1282 vicarie
1394 1256 1563 1295 perpetue
1596 1255 1631 1283 et
1656 1250 1699 1283 ad

236 1308 327 1342 illam
346 1308 571 1355 quouismodo
586 1308 629 1343 de
644 1308 723 1355 jure
742 1308 796 1342 vel
818 1308 1070 1342 consuetudine
1090 1309 1326 1355 spectantibus
1342 1316 1377 1343 et
1394 1309 1649 1355 pertinentibus
1664 1310 1698 1344 in

237 1369 303 1403 vim
319 1369 512 1405 collationis
527 1376 562 1404 et
576 1369 784 1416 prouisionis
799 1382 875 1404 mee
890 1369 933 1403 de
949 1369 1069 1403 eadem
1086 1369 1187 1403 michi
1206 1369 1356 1416 desuper
1371 1369 1461 1404 facte
1478 1376 1512 1404 et
1532 1383 1599 1404 non
1615 1370 1698 1405 alias

236 1431 336 1465 aliter
356 1444 420 1466 nec
438 1431 504 1466 alio
522 1431 624 1465 modo
646 1451 652 1457 ·
678 1431 789 1477 Super
808 1431 931 1477 quibus
951 1430 1109 1464 omnibus
1128 1437 1164 1464 et
1182 1429 1327 1476 singulis
1355 1431 1509 1477 prefatus
1534 1431 1699 1477 magister

235 1492 386 1528 Jacobus
409 1492 615 1526 Houstoune
634 1504 654 1525 a
671 1504 725 1525 me
746 1491 879 1525 notario
898 1490 1037 1537 publico
1056 1491 1250 1537 subscripto
1266 1491 1331 1525 sibi
1346 1491 1422 1525 fieri
1438 1498 1473 1525 et
1491 1491 1580 1525 tradi
1600 1492 1699 1538 petiit

237 1553 501 1587 instrumentum
527 1552 703 1599 publicum
733 1552 822 1599 [siue
850 1552 1081 1586 instrumenta
1107 1549 1259 1598 publica]
1282 1564 1384 1586 vnum
1402 1558 1437 1585 et
1456 1552 1554 1598 plura
1577 1572 1582 1577 ·
1609 1552 1699 1586 Acta

237 1620 336 1648 erant
350 1614 415 1648 hec
429 1613 463 1647 in
479 1613 626 1647 ecclesia
640 1612 905 1659 metropolitana
923 1612 1137 1659 Glasguensi
1156 1612 1241 1646 hora
1255 1618 1377 1646 octaua
1394 1622 1474 1646 ante
1493 1612 1670 1647 meridiem
1689 1624 1696 1647 s

237 1674 299 1708 sub
325 1686 415 1708 anno
442 1673 687 1708 incarnationis
720 1672 906 1707 Dominice
937 1672 1119 1707 millesimo
1150 1673 1430 1719 quingentesimo
1462 1672 1697 1719 Quadragesi-

235 1734 444 1769 mosecundo
460 1742 469 1770 Ι
486 1734 542 1768 die
556 1746 640 1768 vero
659 1733 768 1781 prima
795 1733 922 1768 mensis
947 1733 1033 1767 Maii
1050 1742 1058 1769 Ι
1077 1733 1271 1767 indictione
1290 1734 1544 1780 decimaquinta
1561 1742 1569 1769 l
1586 1734 1696 1780 ponti-

235 1797 355 1830 ficatus
380 1794 584 1830 sanctissimi
609 1795 642 1828 in
663 1794 804 1829 Christo
822 1794 930 1840 patris
950 1800 985 1828 et
1004 1794 1133 1828 domiui
1159 1794 1269 1828 nostri
1296 1793 1437 1828 Domini
1458 1794 1554 1828 Pauli
1580 1794 1697 1829 diuina

235 1856 455 1903 prouidentia
471 1856 563 1902 Pape
578 1855 673 1890 tertii
692 1867 782 1889 anno
797 1861 919 1889 octauo
936 1863 944 1889 l
963 1854 1189 1888 Presentibus
1204 1854 1331 1888 ibidem
1347 1854 1521 1900 magistris
1535 1854 1696 1890 Johanne

238 1917 446 1952 Houstoune
466 1916 623 1950 Roberto
644 1915 853 1950 Houstoune
869 1914 1016 1948 dominis
1037 1915 1141 1949 Petro
1162 1914 1243 1948 Law
1262 1914 1423 1950 Johanne
1442 1914 1570 1949 Foular
1584 1916 1697 1962 capel·

235 1978 321 2012 lanis
336 1983 372 2012 et
390 1976 526 2011 Thoma
545 1976 638 2011 Hart
655 1975 802 2010 testibus
821 1975 863 2009 ad
881 1975 1049 2021 premissa
1068 1974 1198 2008 vocatis
1217 1974 1347 2021 pariter
1366 1980 1401 2009 et
1419 1975 1549 2020 rogatis

333 2099 400 2133 ET
434 2098 541 2134 EGO
573 2096 855 2134 JOHANNES
892 2096 1025 2142 Bridyn
1061 2095 1246 2142 presbyter
1281 2095 1513 2142 Glasguensis
1549 2096 1697 2131 diocesis

332 2159 489 2206 publicus
516 2171 612 2193 sacra
638 2157 843 2193 auctoritate
863 2156 1069 2203 Apostolica
1094 2155 1249 2190 notarius
1302 2155 1396 2197 Quia
1416 2156 1593 2203 premissis
1615 2158 1694 2204 [etc.

331 2222 370 2254 in
384 2221 511 2266 forma
529 2216 735 2262 communi]
