1922 2764
280 222 346 253 130
443 217 599 252 LIBER
625 216 874 252 ECCLESIE
902 217 943 252 Β.
972 217 1020 253 V.
1047 218 1216 253 MARIE
1243 218 1312 253 ET
1341 219 1376 253 S.
1405 218 1563 253 ANNE.

275 323 329 350 tro
358 315 515 350 Roberto
543 314 754 350 Creichtoue
780 321 917 350 rectore
946 315 989 350 de
1019 315 1219 362 Sanquhare
1236 324 1244 351 Ι
1261 327 1300 349 ae
1325 314 1499 361 magistris
1525 320 1561 349 et
1587 314 1732 349 dominis

276 376 434 411 Roberto
462 375 670 410 Houstoune
693 383 702 411 Ι
722 375 854 411 Jacobo
882 375 977 410 Blair
993 384 1002 411 Ι
1019 375 1173 409 Martino
1194 375 1286 409 Reid
1306 383 1314 410 l
1336 375 1468 410 Jacobo
1488 374 1679 409 Cauldwoll
1699 381 1734 409 et

274 437 297 472 J
300 437 434 471 ohanne
454 436 588 483 Bridyn
606 435 822 483 presbyteris
840 448 879 470 ac
897 435 1039 470 notariis
1061 434 1207 482 publicis
1224 435 1371 469 testibus
1390 435 1431 469 ad
1450 434 1617 481 premissa
1634 447 1733 469 voca-

277 497 321 532 tis
339 503 375 532 et
392 496 567 543 requisitis
589 517 595 523 ·

371 618 419 652 Et
436 630 503 664 ego
522 617 675 652 Thomas
694 615 966 662 Hammyltoune
993 614 1179 661 presbyter
1200 614 1432 660 Glasguensis
1450 614 1598 649 diocesis
1624 614 1733 661 publi—

373 691 433 713 cus
452 690 548 712 sacra
565 677 768 712 auctoritate
788 675 993 722 Apostolica
1018 675 1172 709 notarius
1190 687 1230 710 ac
1253 675 1365 709 scriba
1383 675 1478 710 curie
1501 674 1732 722 Glasguensis

372 738 571 785 principalis
623 737 716 778 Quia
736 736 816 783 [etc.
836 740 1012 780 utsupra,
1028 747 1118 781 pag.
1140 733 1214 780 64.]

619 833 773 868 Thomas
793 831 1065 878 Hammyltoune
1084 831 1290 878 subscripsit

375 1041 422 1075 Et
447 1052 514 1086 ego
539 1038 718 1075 Johannes
746 1037 902 1084 Bridyne
928 1037 1111 1084 presbyter
1142 1037 1374 1084 Glasguensis
1402 1036 1549 1071 diocesis
1576 1036 1734 1083 publicus

373 1113 469 1136 sacra
492 1098 697 1134 auctoritate
718 1097 922 1145 Apostolica
947 1097 1102 1132 notarius
1120 1110 1159 1132 ac
1177 1097 1300 1144 prefatj
1322 1097 1451 1132 domini
1469 1097 1621 1132 officialis
1639 1096 1733 1131 curie

374 1161 486 1196 scriba
538 1159 631 1200 Quia
652 1157 748 1206 [eta]

618 1256 640 1292 J
643 1256 797 1291 ohannes
816 1255 1009 1302 Brydynne
1029 1255 1232 1302 subscripsit

378 1463 423 1497 Et
449 1475 516 1509 ego
545 1462 721 1497 Robertus
749 1461 1017 1496 Herbertsoune
1035 1461 1158 1495 artium
1185 1461 1349 1508 magister
1375 1461 1560 1508 presbyter
1587 1460 1735 1495 ciuitatis

378 1523 610 1568 Glasguensis
626 1522 785 1569 publicus
810 1534 906 1556 sacra
924 1521 1129 1568 Apostolica
1146 1527 1182 1555 et
1200 1521 1373 1568 Imperialj
1393 1520 1657 1555 authoritatibus
1676 1533 1734 1554 no-

374 1583 481 1618 tarius
499 1596 538 1618 ac
555 1582 678 1630 prefatj
699 1582 825 1628 dominj
847 1581 998 1616 officialis
1017 1581 1111 1616 curie
1130 1581 1241 1616 scriba
1294 1581 1387 1622 Quia
1408 1579 1503 1628 [eta]

618 1679 794 1714 Robertus
814 1678 1080 1713 Herbertsoune
1099 1678 1253 1712 notarius
1271 1677 1428 1725 publicus
1447 1677 1650 1724 subscripsit

377 1884 444 1918 ET
463 1883 573 1919 EGO
593 1883 746 1918 Thomas
767 1883 872 1917 Knox
886 1882 1033 1918 clericus
1051 1882 1283 1929 Glasguensis
1298 1883 1447 1917 ciuitatis
1464 1882 1622 1930 publicus
1641 1895 1736 1917 sacra

378 1944 581 1980 auctoritate
600 1943 806 1991 Apostolica
823 1943 976 1978 notarius
1029 1942 1122 1983 Quia
1143 1942 1222 1989 [etc.
1241 1948 1282 1977 ut
1297 1954 1419 1989 supra,
1432 1955 1523 1990 pag.
1542 1940 1617 1987 65.]

621 2039 773 2075 Thomas
793 2039 897 2075 Knox
915 2039 1069 2075 notarius
1086 2051 1188 2074 manu
1206 2039 1345 2086 propria
