1922 2764
247 245 292 275 24
574 236 730 273 LIBER
755 236 1003 272 ECCLESIE
1033 234 1372 271 COLLEGIATE

246 343 364 372 erecto
382 336 624 383 inperpetuum
643 334 874 369 nominabitur
900 339 1003 380 prout
1021 333 1071 367 sui
1092 345 1310 367 successores
1336 331 1603 366 nominabuntur
1654 330 1701 366 Et

247 397 522 444 Archiprisbiter
553 396 803 443 prebendarius
835 401 870 430 et
899 406 1078 442 possessor
1108 393 1262 428 eiusdem
1293 392 1435 426 habebit
1465 397 1501 426 et
1530 392 1699 438 percipiet

246 470 364 492 omnes
383 463 418 491 et
436 456 590 503 singulos
609 456 777 490 dimedios
794 456 926 489 fructus
945 460 981 489 et
1001 459 1192 500 prouentus
1210 452 1338 487 vicarie
1363 457 1533 499 perpetue
1552 452 1699 487 ecclesie

244 517 466 565 parrochialis
484 517 527 551 de
557 516 725 562 Mayboill
777 515 824 549 Et
850 515 939 549 idem
963 513 1236 560 Archiprisbiter
1255 512 1322 546 erit
1342 511 1523 558 presidens
1541 512 1575 546 in
1595 512 1699 547 choro

244 584 281 613 et
298 577 448 624 capitulo
463 577 554 611 dicte
573 576 732 611 Ecclesie
749 575 944 621 Collegiate
959 574 1102 608 absente
1124 572 1306 619 Preposito
1345 572 1392 607 Et
1405 572 1439 606 in
1455 572 1529 607 eius
1544 573 1699 608 absentia

246 639 424 673 exercebit
439 637 713 684 jurisdictionem
734 636 840 682 ipsius
861 635 1029 681 Prepositi
1051 635 1084 668 in
1104 634 1209 668 choro
1228 640 1263 668 et
1281 634 1431 681 capitulo
1448 634 1614 681 predictis
1654 634 1700 669 Et

244 699 277 733 in
294 705 516 744 vtrorumque
533 697 688 732 absentia
703 696 874 731 secundus
888 694 1139 742 prebendarius
1154 693 1220 728 erit
1233 694 1414 741 presidens
1425 694 1699 741 jurisdictionem

244 766 279 794 et
297 758 580 806 preeminentiam
598 756 796 791 exercendo
840 756 887 790 Et
902 756 949 789 sic
965 754 1211 789 descendendo
1225 754 1267 788 ad
1283 754 1437 800 singulos
1451 755 1699 802 prebendarios

244 820 292 854 Et
318 819 474 854 similiter
504 818 645 852 habebit
672 816 947 863 jurisdictionem
974 827 1118 861 quorum
1145 815 1255 849 altero
1283 814 1463 861 superiore
1490 804 1698 850 aduenient‘e

244 880 392 914 cessabit
418 879 591 913 inferioris
618 883 770 925 potestas
798 877 830 910 in
860 876 1059 911 exercendo
1085 875 1140 909 vel
1169 875 1376 922 exequendo
1402 875 1611 922 presidentis
1630 876 1698 910 offi-

244 940 332 974 cium
349 948 358 975 l
375 939 462 973 Item
489 938 630 972 habebit
648 950 746 972 vnam
767 949 878 971 acram
898 942 991 970 terre
1014 936 1188 982 jacentem
1211 936 1244 969 in
1265 935 1374 970 crofta
1394 936 1519 971 Sancte
1540 936 1645 971 Anne
1664 936 1698 971 in

243 1000 413 1034 communi
432 1012 526 1033 moro
549 998 761 1044 Glasguensi
780 998 871 1031 inter
890 1003 1001 1031 terras
1020 996 1207 1030 subdecani
1230 996 1461 1043 Glasguensis
1480 1009 1524 1031 ex
1542 997 1672 1031 boreali
1690 1006 1698 1032 s

241 1060 410 1106 prefatum
431 1071 609 1093 commune
634 1071 764 1092 morum
785 1070 827 1091 ex
847 1057 987 1091 australi
1004 1065 1013 1092 Ι
1030 1063 1065 1091 et
1083 1069 1262 1091 commune
1290 1057 1485 1103 passagium
1505 1057 1547 1091 ad
1565 1063 1698 1092 torren-

242 1126 311 1154 tem
333 1119 565 1166 Malyndonar
585 1131 627 1153 ex
648 1118 853 1152 occidentali
871 1126 879 1153 l
896 1123 931 1151 et
949 1124 1059 1151 terras
1078 1116 1160 1151 dieti
1179 1117 1301 1152 Jacobi
1315 1117 1507 1152 fundatoris
1525 1117 1559 1151 in
1578 1117 1698 1152 eadem

242 1181 351 1214 crofta
369 1193 412 1214 ex
434 1179 592 1214 orientali
619 1180 799 1226 partibus!
818 1178 995 1212 Admissio
1020 1178 1156 1212 collatio
1184 1184 1219 1212 et
1245 1177 1416 1212 institutio
1443 1178 1524 1213 dicti
1551 1179 1698 1225 preben-

242 1241 327 1274 darii
363 1240 531 1287 spectabit
565 1240 606 1274 ad
638 1239 965 1274 reuerendissimum
1005 1238 1314 1285 Archiepiscopum
1348 1239 1600 1284 Glasguensem
1636 1252 1699 1286 pro

241 1307 396 1348 tempore
414 1310 422 1336 Ι

242 1510 545 1575 PREBENDA
568 1539 813 1574 SECUNDA
829 1539 1058 1574 intitulabitur
1075 1548 1083 1575 l
1102 1539 1251 1574 Sacrista
1266 1539 1380 1574 Maior
1396 1548 1405 1576 l
1421 1540 1468 1574 Et
1481 1539 1622 1574 habebit
1635 1552 1697 1586 pro

243 1613 302 1634 sua
320 1601 571 1635 sustentatione
591 1600 758 1634 dimedios
776 1600 908 1634 fructus
924 1600 1049 1634 vicarie
1068 1606 1237 1646 perpetue
1256 1600 1298 1634 de
1319 1600 1488 1646 Mayboill
1540 1600 1588 1635 Et
1605 1600 1697 1635 dicto

242 1662 472 1708 prebendario
499 1661 562 1695 hec
590 1661 783 1707 subscripta
802 1661 1005 1695 incumbunt
1022 1660 1135 1694 Facere
1152 1668 1160 1695 Ι
1178 1660 1339 1707 Inprimis
1365 1660 1506 1694 habebit
1523 1661 1696 1695 custodire

241 1721 346 1755 libros
373 1721 498 1755 calices
527 1734 651 1767 cappas
677 1721 882 1755 vestimenta
911 1727 946 1755 et
974 1727 1175 1755 ornamenta
1203 1721 1323 1755 summi
1350 1721 1466 1755 altaris
1493 1727 1528 1755 et
1554 1721 1696 1756 aliorum

241 1782 396 1815 altarium
425 1782 572 1816 ecclesie
599 1794 638 1815 ac
665 1781 729 1815 alia
757 1782 881 1827 jocalia
907 1794 973 1828 que
1006 1782 1069 1815 sibi
1101 1782 1292 1816 deliberata
1321 1782 1452 1816 fuerint
1482 1782 1609 1816 donata
1639 1789 1696 1816 aut

241 1842 355 1876 oblata
373 1854 434 1888 per
453 1854 675 1888 quascunque
700 1854 865 1888 personas
886 1842 944 1875 Ad
970 1842 1137 1876 honorem
1157 1848 1192 1876 et
1210 1842 1423 1877 ornationem
1443 1842 1525 1877 dicti
1546 1842 1695 1889 Collegii

240 1902 385 1936 honeste
400 1903 620 1936 conseruabit
639 1902 685 1936 Et
699 1902 741 1936 ad
756 1902 895 1936 chorum
911 1902 1047 1937 deferet
1066 1903 1113 1936 Et
1131 1902 1364 1937 seruientibus
1383 1903 1456 1937 siue
1475 1903 1695 1938 ministranti-

241 1962 304 1995 bus
323 1975 384 2008 per
403 1975 439 1996 se
459 1962 513 1996 vel
533 1963 714 1996 honestum
738 1964 942 1996 seruitorem
962 1963 1200 2009 superpellitio
1219 1963 1374 1997 indutum
1394 1970 1549 2011 tempore
1564 1964 1695 1998 diuino-

241 2035 315 2055 rum
333 2021 476 2069 [tradet]
525 2023 570 2057 Et
584 2023 760 2057 tenebitur
774 2023 923 2057 reddere
938 2030 1132 2070 compotum
1148 2024 1190 2058 de
1207 2024 1364 2058 omnibus
1379 2024 1590 2058 ornamentis
1604 2024 1695 2070 joca—

242 2082 331 2116 libus
350 2089 384 2116 et
403 2083 498 2116 libris
517 2083 580 2116 sibi
600 2083 800 2117 deliberatis
827 2089 884 2117 aut
903 2083 1025 2118 oblatis
1044 2084 1086 2118 ad
1106 2084 1321 2118 ornationem
1340 2084 1423 2119 dicti
1443 2084 1593 2131 Collegii
1615 2084 1695 2119 Pre-

240 2142 353 2188 posito
372 2149 407 2176 et
425 2143 573 2189 capitulo
592 2144 720 2177 totiens
734 2143 894 2190 quotiens
913 2144 1098 2190 requisitus
1117 2144 1221 2178 fuerit
1265 2144 1335 2185 Qui
1354 2145 1454 2179 etiam
1473 2144 1614 2179 habebit
1632 2144 1694 2178 sub

242 2215 278 2236 se
307 2202 467 2236 clericum
497 2203 553 2249 qui
581 2204 731 2249 pulsabit
758 2216 939 2251 campanas
967 2205 1180 2251 temporibus
1207 2205 1344 2239 statutis
1371 2211 1407 2239 et
1432 2204 1637 2239 necessariis
1655 2217 1694 2239 ac

242 2263 357 2308 ignem
376 2269 411 2297 et
429 2275 547 2309 aquam
568 2264 775 2298 ministrabit
793 2265 940 2299 ecclesie
993 2265 1040 2299 Et
1058 2265 1230 2299 custodiet
1248 2265 1427 2300 ecclesiam
1447 2271 1483 2300 et
1500 2265 1639 2300 chorum
1659 2265 1691 2298 in
