1922 2764
659 277 700 312 B.
729 277 776 311 V.
803 275 973 311 MARIE
1001 276 1070 311 ET
1099 277 1133 312 S.
1163 278 1320 313 ANNE.
1628 287 1694 318 113

236 383 392 423 cupatam
411 376 454 410 de
473 376 628 422 presenti
645 388 708 423 per
729 374 913 409 Patricium
935 374 1115 409 Crawfurd
1132 375 1305 421 jacentem
1325 376 1358 410 in
1381 377 1566 423 Kynclaith
1586 393 1693 428 prope

236 437 394 483 Myldam
412 436 503 471 inter
518 443 628 471 terras
647 436 726 470 olim
748 435 958 481 Kentigerni
980 435 1168 470 Mortoune
1188 448 1232 470 ex
1251 436 1410 471 orientali
1431 445 1465 472 et
1482 444 1593 474 terras
1612 441 1693 475 dicti

236 497 391 543 magistri
421 497 543 533 Jacobi
570 510 615 532 ex
642 496 846 531 occidentali
878 495 1031 542 partibus
1054 504 1063 532 l
1088 496 1176 530 Item
1204 497 1245 530 ad
1275 497 1456 532 dimediam
1489 500 1588 534 vnius
1615 513 1693 535 acre

235 563 329 592 terre
348 558 391 591 de
410 557 512 592 terris
531 558 574 592 de
595 557 836 591 Brvmelandis
860 555 1032 602 jacentem
1061 556 1152 591 inter
1180 563 1291 591 terras
1312 557 1474 592 Rectoris
1493 559 1535 593 de
1558 559 1693 607 Glasgu

235 630 280 652 ex
307 617 465 652 orientali
490 624 526 652 et
551 624 662 652 terras
689 617 861 664 quondam
889 617 1041 651 Donaldi
1070 617 1182 651 Lione
1210 630 1256 652 ex
1283 618 1487 653 occidentali
1514 621 1693 667 partibus!

236 678 323 713 Item
351 679 393 713 ad
420 692 521 712 vnam
549 691 660 713 acram
687 685 781 713 terre
813 684 1069 724 nuncupatam!
1087 678 1165 712 The
1196 678 1291 712 Halk
1320 678 1631 726 Akyrljacentem
1659 682 1693 716 in

237 739 478 774 Brvmelandis
497 740 682 774 debentem
704 739 879 774 annuatim
907 746 1040 786 septem
1069 739 1196 774 solidos
1223 740 1328 774 annui
1354 740 1511 775 redditus
1539 748 1694 788 spectan-

235 806 304 835 tem
333 799 547 835 Archibaldo
578 800 691 835 Lione
723 801 814 835 inter
844 807 955 834 terras
983 800 1064 834 dicti
1096 800 1251 847 magistri
1282 800 1404 837 Jacobi
1430 801 1622 836 fundatoris
1650 815 1694 837 ex

236 861 395 896 orientali
424 868 459 896 et
486 867 596 896 terras
623 861 782 896 Fratrum
812 861 1072 895 Predicatorum
1100 861 1248 895 ciuitatis
1277 861 1509 908 Glasguensis
1537 875 1582 897 ex
1608 863 1694 897 occi-

236 922 365 956 dentali
392 922 546 969 partibus
563 931 571 958 l
589 922 677 957 Item
704 922 747 956 ad
774 922 858 956 duas
885 935 980 956 acras
1007 928 1101 956 terre
1136 921 1350 969 [occupatas]
1381 923 1424 957 de
1451 923 1606 970 presenti
1632 937 1695 970 per

235 982 403 1018 Jacobum
422 982 526 1017 Mure
541 983 699 1029 jacentes
718 983 751 1016 in
773 982 960 1028 Kynclaith
980 982 1070 1016 inter
1085 988 1195 1017 terras
1217 983 1409 1030 Hospitalis
1431 983 1546 1018 Sancti
1567 983 1696 1018 Nicho-

237 1043 280 1077 lai
298 1049 334 1078 et
352 1049 462 1078 terras
481 1044 686 1078 vicariorum
714 1043 808 1077 chori
831 1043 1063 1089 Glasguensis
1091 1056 1135 1078 ex
1162 1043 1320 1078 orientali
1341 1050 1375 1079 et
1395 1050 1505 1079 terras
1524 1045 1694 1091 quondam

235 1104 404 1140 Johannis
426 1104 593 1139 Hommill
620 1117 664 1139 ex
691 1104 897 1138 occidentali
924 1104 1079 1150 partibus
1096 1112 1104 1140 l
1126 1104 1214 1138 Item
1233 1105 1275 1138 ad
1295 1104 1477 1139 dimediam
1497 1105 1597 1139 vnius
1616 1118 1694 1140 acre

235 1171 328 1199 terre
352 1165 525 1212 jacentem
544 1165 579 1199 in
602 1164 787 1212 Kynclaith
816 1171 1028 1211 spectantem
1048 1165 1218 1211 quondam
1249 1165 1406 1200 Roberto
1435 1166 1581 1200 Favside
1604 1166 1695 1200 inter

235 1232 345 1260 terras
361 1226 567 1260 Archibaldi
587 1226 812 1260 Blakburnne
832 1238 875 1260 ex
895 1225 1100 1260 occidentali
1120 1231 1156 1260 et
1173 1232 1285 1260 terras
1300 1226 1382 1260 dicti
1401 1227 1555 1273 magistri
1573 1226 1695 1262 Jacobi

234 1286 426 1321 fundatoris
445 1300 488 1321 ex
508 1287 667 1322 orientali
693 1286 848 1334 partibus
865 1294 873 1322 Ι
891 1286 978 1320 Item
1002 1286 1043 1320 ad
1063 1286 1148 1320 duos
1167 1286 1212 1321 lie
1232 1292 1347 1321 curtos
1366 1300 1515 1333 aggeres
1538 1287 1694 1333 jacentes

235 1346 269 1380 in
290 1347 477 1393 Kynclaith
505 1354 702 1395 spectantes
721 1347 813 1382 dicto
832 1346 912 1381 olim
934 1347 1089 1381 Roberto
1109 1347 1257 1382 Favside
1285 1347 1376 1382 inter
1395 1354 1505 1382 terras
1523 1347 1693 1394 quondam

238 1407 391 1442 Eduardi
415 1408 511 1443 Scott
530 1421 574 1443 ex
600 1408 731 1443 boreali
751 1414 786 1443 et
803 1414 914 1442 terras
934 1408 1105 1454 quondam
1123 1408 1246 1443 Jacobi
1269 1407 1473 1456 Wodderop
1492 1421 1535 1443 ex
1555 1407 1694 1442 australi

236 1468 389 1514 partibus
407 1477 415 1504 Ι
432 1469 519 1503 Item
547 1469 589 1503 ad
614 1481 714 1503 vnam
742 1468 840 1503 aliam
868 1481 979 1502 acram
1007 1474 1100 1503 terre
1124 1468 1298 1515 jacentem
1326 1469 1359 1503 in
1389 1469 1576 1516 Kynclaith
1603 1469 1694 1503 inter

235 1537 345 1563 terras
376 1529 521 1564 Roberti
551 1530 689 1576 Smytht
707 1542 752 1564 ex
771 1529 932 1564 orientali
951 1535 986 1563 et
1004 1541 1184 1564 commune
1211 1530 1405 1576 passagium
1426 1542 1470 1564 ex
1490 1529 1694 1564 occidentali

235 1590 389 1636 partibus
406 1599 414 1626 Ι
431 1591 520 1625 Item
539 1591 581 1625 ad
600 1591 684 1625 duas
703 1603 799 1625 acras
817 1596 911 1624 terre
935 1590 1092 1636 jacentes
1120 1590 1154 1624 in
1182 1590 1324 1637 Mylhill
1343 1591 1434 1625 inter
1452 1597 1563 1625 terras
1581 1590 1693 1637 capel-

236 1650 325 1685 lanie
347 1651 462 1686 Sancti
483 1651 643 1686 Nicholai
669 1664 713 1686 ex
739 1651 871 1686 boreali
889 1657 925 1686 et
943 1657 1053 1685 terras
1072 1651 1262 1697 capellanie
1284 1651 1400 1686 Sancti
1420 1650 1629 1697 Kentigerni
1648 1663 1692 1684 ex
1714 1690 1717 1692 q

235 1711 375 1746 australi
403 1712 557 1758 partibus
573 1721 582 1749 l
599 1713 688 1747 Item
707 1712 750 1746 ad
767 1724 869 1746 vnam
896 1723 1007 1746 acram
1026 1717 1120 1746 terre
1144 1712 1317 1758 jacentem
1336 1712 1370 1745 in
1390 1711 1434 1745 lie
1455 1710 1691 1745 Provandside

236 1784 326 1806 nunc
342 1780 539 1819 occupatam
558 1785 620 1820 per
640 1772 814 1807 Dauidem
833 1771 970 1807 Lioune
986 1772 1077 1806 inter
1091 1778 1201 1807 terras
1217 1772 1406 1818 capellanie
1424 1771 1538 1806 Sancti
1556 1770 1690 1804 Thome

236 1831 416 1866 Marthiris
433 1842 441 1868 Ι
457 1833 539 1868 alias
566 1833 743 1868 Menteith
760 1842 769 1869 Ι
785 1845 829 1867 ex
849 1832 1008 1867 orientali
1027 1838 1062 1867 et
1080 1839 1190 1867 terras
1217 1831 1406 1878 capellanie
1436 1830 1552 1865 Sancti
1580 1829 1691 1864 Mich-

235 1892 320 1927 aelis
339 1893 555 1940 Archangeli
574 1907 619 1929 ex
637 1893 843 1928 occidentali
861 1893 1016 1940 partibus
1034 1902 1041 1928 l
1058 1892 1146 1926 Item
1166 1892 1207 1925 ad
1227 1891 1396 1938 quoddam
1415 1890 1575 1924 horreum
1595 1901 1690 1936 spec-

235 1959 311 1987 tans
338 1955 507 2000 quondam
542 1955 686 1989 Andree
717 1954 801 1988 Hall
828 1954 947 2000 jacens
974 1953 1007 1986 in
1038 1952 1106 1986 Via
1136 1951 1323 1985 Furcarum
1355 1950 1486 1984 debens
1517 1949 1691 1984 annuatim

235 2013 425 2048 octodecim
456 2015 617 2050 denarios
647 2014 752 2050 annui
782 2013 939 2048 redditus
970 2013 1090 2058 jacens
1120 2011 1210 2045 inter
1242 2017 1351 2045 terras
1382 2010 1511 2044 domini
1542 2010 1691 2044 Roberti

235 2074 383 2109 Favside
403 2088 448 2109 ex
466 2076 626 2110 orientali
653 2082 689 2110 et
714 2081 825 2110 terras
851 2072 1007 2119 magistri
1034 2071 1182 2105 Dauidis
1212 2070 1391 2105 Wilsoune
1416 2082 1461 2105 ex
1485 2070 1690 2105 occidentali

234 2135 388 2181 partibus
405 2144 414 2172 l
431 2136 519 2170 Item
538 2137 580 2170 ad
599 2136 780 2170 dimediam
800 2145 911 2168 acram
930 2139 1024 2166 terre
1047 2131 1221 2177 jacentem
1240 2131 1273 2164 in
1302 2130 1455 2164 Dowhill
1482 2143 1573 2165 nunc
1591 2143 1690 2165 occu-

235 2201 347 2241 patam
373 2209 435 2242 per
464 2196 704 2231 Alexandrum
736 2195 869 2239 Stevyn
897 2192 1070 2238 jacentem
1099 2191 1189 2225 inter
1217 2197 1327 2225 terras
1354 2190 1544 2238 capellanie
1575 2191 1689 2226 Sancti

237 2255 396 2290 Nicholai
415 2269 460 2290 ex
479 2257 619 2290 australi
638 2262 673 2290 et
690 2262 801 2289 terras
825 2252 1012 2298 pedagogii
1035 2252 1265 2298 Glasguensis
1285 2264 1329 2286 ex
1353 2252 1484 2286 boreali
1510 2252 1664 2299 partibus
1681 2262 1690 2288 Ι

237 2316 323 2350 Item
342 2316 385 2350 ad
403 2322 639 2351 tenementum
666 2314 837 2361 quondam
866 2312 1017 2347 Donaldi
1046 2311 1180 2346 Lioune
1205 2312 1324 2358 jacens
1348 2312 1382 2346 in
1409 2312 1477 2346 Via
1504 2312 1690 2346 Furcarum

954 2381 970 2401 Ρ
