1922 2764
76 1405 135 1427 XX.

620 311 795 347 CARTE
826 310 1216 347 GLASGUENSES.
1578 314 1648 349 247

188 427 281 456 tutus
303 422 478 456 Robertus
495 421 651 456 Sklatare
666 421 783 468 junior
803 433 878 455 cum
898 433 1069 456 consensu
1086 420 1236 455 Mariote
1254 419 1422 467 Cowpare
1442 433 1567 468 sponse
1587 434 1648 455 sue

187 483 344 518 vendidit
361 483 499 517 domino
513 482 662 529 Johannj
679 482 722 516 de
739 482 888 529 Dalgles
903 482 1099 529 presbitero
1113 482 1241 516 vicario
1257 481 1403 516 ecclesie
1419 481 1462 516 de
1482 481 1648 528 Dregarn

189 543 421 590 Glasguensis
457 543 605 578 diocesis
628 563 633 569 ·
657 549 729 578 tres
769 543 897 577 solidos
928 543 1031 590 annuj
1069 542 1227 577 redditus
1259 542 1395 576 debitos
1426 542 1470 577 de
1501 543 1647 589 quodam

185 609 386 639 tenemento
405 604 539 639 iacente
566 603 601 638 in
621 604 760 638 ciuitate
788 603 861 638 siue
889 604 922 637 in
950 604 1062 650 burgo
1080 603 1123 638 de
1146 603 1282 650 Glasgu
1301 603 1334 636 in
1355 602 1445 637 Vico
1465 603 1646 637 Fullonum

186 664 340 699 eiusdem
360 677 405 699 ex
423 671 521 711 parte
541 664 747 699 occidentali
766 664 848 698 dicti
867 664 933 699 vici
953 664 1044 699 inter
1058 670 1295 699 tenementum
1317 663 1464 698 Roberti
1482 663 1586 711 Youg
1605 677 1649 698 ex

185 725 307 759 boriali
329 744 336 751 ·
357 731 393 760 et
410 731 537 760 terram
557 726 630 760 siue
649 731 885 759 tenementum
900 724 1071 761 Johannis
1088 725 1204 771 Smaly
1219 737 1263 759 ex
1278 729 1375 771 parte
1395 724 1535 758 australi
1558 745 1563 751 ι
1587 737 1649 771 pro

186 785 220 819 xl
253 786 371 820 solidis
389 786 517 820 vsualis
536 792 674 821 monete
695 786 818 820 Scocie
841 806 847 811 ·
872 785 964 820 Acta
982 785 1123 820 fuerunt
1141 785 1205 819 hec
1224 785 1256 818 in
1278 784 1369 819 dicta
1387 785 1527 819 ciuitate
1547 785 1648 819 Glas-

184 847 309 892 guensi
331 867 337 873 ·
360 847 582 894 presentibus
599 847 760 883 ι1011011110
782 846 969 893 W'yschart
987 845 1115 880 balliuo
1138 866 1144 871 ·
1170 845 1346 879 Willelmo
1367 845 1527 880 Nicholai
1564 845 1649 879 wil<

185 907 286 941 lelmo
306 907 512 954 Taylyhour
531 914 566 942 et
587 908 731 942 Andrea
749 907 792 942 de
812 907 953 942 Raburn
973 906 1205 953 burgensibus
1225 906 1307 941 dicti
1326 907 1427 953 burgi
1449 907 1492 941 dc
1512 906 1647 954 Glasgu

184 968 331 1002 testibus
359 989 366 995 ·
388 968 548 1004 Johanne
584 969 627 1003 de
666 968 802 1014 Hawyk
837 968 1032 1015 presbitero
1063 967 1297 1014 Glasguensis
1332 967 1479 1002 diocesis
1515 968 1648 1002 notario

186 1029 322 1075 publico
345 1050 350 1055 -

186 1213 254 1248 Pro
269 1213 405 1248 vicariis
420 1213 515 1248 chori
535 1234 540 1240 ·
564 1234 569 1239 ·
599 1227 618 1246 v
647 1213 745 1248 solidi
762 1214 804 1247 de
820 1221 913 1248 terra
932 1214 965 1247 in
985 1214 1017 1248 le
1038 1213 1231 1260 Langcroft
1250 1222 1285 1248 et
1312 1214 1331 1260 ij
1362 1214 1461 1248 solidi
1481 1214 1523 1249 de
1543 1216 1646 1261 perti-

184 1280 260 1309 cata
278 1280 370 1310 terrc
390 1288 434 1309 ex
452 1282 549 1322 parte
569 1275 710 1309 australi
732 1275 811 1309 Vici
831 1275 1018 1309 Furcarun]

186 1364 234 1432 In
255 1398 326 1433 Dei
345 1398 482 1433 nomine
501 1411 599 1433 amen
619 1411 681 1444 per
699 1398 764 1433 hoc
783 1398 1050 1433 instrumentum
1078 1404 1194 1445 pateat
1212 1398 1301 1445 quod
1322 1411 1412 1433 auno
1431 1399 1472 1433 ab
1492 1399 1645 1433 incarna-

183 1459 282 1494 cione
302 1459 445 1494 Domini
475 1462 543 1493 mm⁰
565 1481 570 1486 -
595 1462 721 1494 ccccmo
743 1481 748 1486 ·
772 1459 896 1506 xxxiij⁰
924 1459 1052 1494 mensis
1075 1459 1286 1494 Nouembris
1305 1459 1361 1494 dic.
1394 1460 1465 1506 xjma
1488 1481 1493 1486 ·
1517 1460 1556 1494 In
1578 1462 1642 1507 mej

183 1520 305 1567 notarij
326 1520 453 1567 publici
473 1527 508 1555 et
526 1520 666 1555 testium
685 1520 955 1567 subscriptorum
980 1520 1162 1567 presencia
1188 1520 1419 1567 personaliter
1438 1522 1646 1556 constitutus

181 1581 353 1616 discretus
373 1582 424 1616 vir
443 1582 602 1616 dominus
631 1582 807 1617 Robertus
836 1582 929 1617 Bure
956 1588 1160 1629 procurator
1187 1582 1341 1629 magistri
1370 1583 1505 1618 Thome
1526 1583 1645 1618 Traile

181 1643 337 1678 canonici
358 1643 590 1690 Glasguensis
609 1643 692 1677 emit
706 1656 806 1678 vnam
823 1656 969 1678 annuam
991 1643 1193 1690 pensionem
1213 1643 1286 1678 siue
1302 1656 1452 1678 annuum
1471 1644 1643 1679 redditum

182 1704 344 1739 videlicet
362 1705 514 1751 quinque
533 1705 662 1739 solidos
681 1717 699 1739 a
719 1704 906 1739 Nieholaio
926 1704 1026 1739 Bulle
1047 1704 1212 1751 burgensi
1232 1704 1274 1739 de
1297 1704 1434 1751 Glasgu
1452 1705 1485 1739 in
1506 1706 1644 1740 nominc

182 1764 336 1810 magistri
355 1765 490 1800 Thome
510 1765 629 1800 Traile
648 1766 691 1800 de
707 1778 774 1800 vna
791 1778 870 1800 acra
888 1772 981 1800 terre
997 1778 1072 1800 cum
1089 1778 1156 1799 vna
1173 1765 1343 1812 perticata
1362 1765 1435 1800 siue
1451 1766 1535 1801 roda
1549 1773 1643 1801 terre

183 1824 295 1859 silicet
311 1824 503 1860 iacentibus
523 1826 556 1859 in
576 1826 608 1860 le
628 1825 822 1872 Langcroft
852 1826 943 1860 inter
971 1833 1098 1861 terram
1128 1826 1287 1860 Fratrum
1323 1826 1578 1862 Predicatorum
1599 1841 1643 1863 ex

183 1891 280 1931 parte
299 1885 458 1920 orientali
478 1894 513 1921 et
531 1892 657 1920 terram
677 1887 805 1920 domini
828 1886 975 1934 Philippi
995 1887 1037 1921 de
1058 1887 1213 1921 Restoun
1234 1899 1278 1921 ex
1297 1893 1394 1934 parte
1411 1888 1616 1924 occidentali
1633 1899 1642 1927 l

182 1951 218 1980 et
235 1945 321 1980 duos
341 1946 468 1981 solidos
500 1959 575 1981 cum
607 1953 754 1993 quatuor
785 1947 937 1982 denariis
968 1948 1011 1982 de
1031 1960 1098 1982 vna
1129 1948 1297 1994 particata
1327 1955 1421 1983 terre
1453 1949 1526 1984 siue
1558 1951 1642 1986 roda

181 2006 315 2041 iacente
334 2006 368 2040 in
389 2006 458 2041 Via
476 2007 663 2041 Furcarum
684 2019 728 2041 ex
747 2013 845 2054 parte
864 2008 1003 2042 australi
1024 2008 1114 2043 inter
1147 2014 1273 2043 terram
1294 2008 1437 2043 Domini
1469 2010 1512 2044 de
1545 2010 1640 2046 Mor-

179 2078 259 2100 ruse
278 2079 323 2101 ex
342 2073 439 2113 parte
455 2067 659 2102 occidentali
679 2074 714 2102 et
732 2067 764 2102 le
781 2067 1008 2115 Comowngat
1023 2081 1067 2103 ex
1086 2075 1183 2116 parte
1200 2069 1357 2104 orientali
1381 2091 1387 2096 -
1412 2070 1520 2105 Cuius
1535 2073 1639 2107 annui

178 2127 335 2163 redditus
355 2128 524 2175 saysinam
547 2149 553 2155 ·
576 2129 688 2164 dictus
707 2129 865 2164 dominus
883 2130 1058 2165 Robertus
1077 2138 1279 2177 procurator
1294 2131 1430 2166 vicariis
1446 2132 1639 2169 ministran-

178 2188 269 2223 tibus
287 2188 323 2222 in
341 2189 446 2224 choro
468 2189 682 2236 Glasguensi
696 2190 838 2225 tradidit
855 2204 918 2238 per
936 2191 1145 2226 Willelmum
1164 2192 1357 2239 Hugosoun
1374 2198 1456 2227 tunc
1474 2194 1638 2230 balliuum

178 2249 280 2295 burgi
299 2255 334 2284 et
353 2249 501 2284 ciuitatis
528 2250 571 2285 de
595 2250 731 2298 Glasgu
758 2264 820 2298 pro
839 2264 907 2286 vno
934 2252 1172 2287 anniuersario
1199 2253 1370 2287 annuatim
1399 2254 1609 2290 celebrando
1632 2279 1637 2283 ·

181 2311 271 2344 Acta
287 2310 428 2345 fuerunt
446 2311 511 2346 hec
529 2311 563 2345 in
583 2311 685 2346 terris
704 2312 888 2347 antedictis
915 2313 1004 2348 infra
1022 2313 1196 2349 ciuitatem
1219 2314 1475 2361 Glasguensem
1496 2329 1636 2362 presen—

177 2371 267 2406 tibus
302 2371 461 2407 discretis
498 2372 580 2407 viris
615 2373 753 2408 domino
791 2373 941 2409 Ricardo
978 2374 1052 2409 Are
1109 2375 1246 2410 domino
1284 2375 1459 2410 Willelmo
1496 2376 1634 2417 Qwhite
