1922 2764
225 281 269 318 74
553 277 707 312 LIBER
734 277 982 313 ECCLESIE
1012 275 1352 312 COLLEGIATE

224 375 315 409 inter
333 380 443 409 terras
461 375 631 421 quondam
651 374 779 409 domini
807 374 954 409 Roberti
976 374 1087 408 Wann
1107 374 1149 408 ab
1168 372 1372 408 occidentali
1392 378 1427 407 et
1449 372 1584 407 Thome
1607 372 1682 409 Gil-

225 447 323 469 mour
351 435 393 468 ab
412 435 571 469 orientali
599 435 778 482 partibus!
798 434 910 468 Vnius
938 434 1076 480 aggeris
1104 439 1198 468 terre
1225 446 1301 467 cum
1329 433 1429 467 domo
1456 433 1620 468 anteriori
1647 440 1687 468 et

227 495 353 529 ceteris
379 495 598 541 pertinentiis
625 495 778 530 eiusdem
803 495 950 541 jacentis
977 495 1010 528 in
1036 495 1127 528 dicta
1151 493 1260 528 crofta
1290 494 1415 528 Sancte
1441 493 1566 528 Teneu
1592 494 1682 529 inter

227 561 337 590 terras
366 555 503 590 Valteri
531 555 681 601 Rankyn
710 555 751 589 ab
779 554 983 589 occidentali
1015 560 1050 588 et
1080 554 1225 588 Roberti
1259 554 1424 588 Kirkwod
1454 554 1496 588 ab
1524 554 1684 589 orientali

228 616 382 662 partibus
403 624 412 652 l
430 616 485 650 Ac
511 616 611 650 vnius
638 628 716 650 acre
734 621 827 649 terre
852 620 1047 661 nuncupate
1066 622 1074 650 l
1093 614 1252 648 Halklaw
1269 622 1277 649 l
1290 614 1437 660 jacentis
1456 614 1489 648 in
1508 615 1683 649 territorio

229 676 312 711 dicti
338 676 439 723 burgi
458 676 501 711 de
524 676 659 722 Glasgu
686 676 719 709 in
739 688 806 709 vna
832 681 929 721 parte
949 675 991 709 de
1018 674 1063 709 lie
1093 674 1241 721 Peitbog
1266 674 1356 709 inter
1384 681 1494 709 terras
1522 675 1683 709 Rectoris

229 737 272 770 de
295 736 431 783 Glasgu
457 737 499 771 ab
518 735 722 770 occidentali
749 741 784 769 et
810 741 920 769 terras
948 735 1090 769 Domini
1118 735 1161 769 de
1188 735 1438 781 Montgomery
1457 736 1498 769 ab
1525 735 1684 769 orientali

228 797 383 843 partibus
400 805 408 832 l
424 796 657 830 vendiderunt
675 808 714 829 ac
731 795 830 829 titulo
850 795 1059 829 venditionis
1085 801 1254 842 perpetue
1282 796 1475 830 alienarunt
1492 796 1684 830 venerabili

230 863 266 891 et
283 857 530 903 circumspecto
549 856 623 891 viro
648 856 811 901 magistro
835 855 967 890 Jacobo
995 855 1204 890 Houstoune
1222 855 1409 890 heredibus
1436 855 1505 890 suis
1525 861 1559 890 et
1577 856 1683 903 assig-

230 917 318 951 natis
335 926 342 953 l
360 929 521 951 summam
540 916 642 950 trium
661 916 823 950 librarum
842 916 1027 950 tresdecim
1046 916 1233 950 solidorum
1252 922 1287 950 et
1304 921 1449 963 quatuor
1464 916 1684 951 denariorum

230 977 356 1011 vsualis
387 983 422 1012 et
451 977 622 1012 currentis
658 982 795 1011 monete
830 976 931 1022 regni
965 976 1078 1011 Scotie
1113 976 1375 1011 annuiredditus
1407 977 1449 1010 dc
1483 977 1684 1023 prescriptis

229 1038 331 1071 terris
351 1043 386 1072 et
402 1037 611 1072 tenementis
629 1049 691 1084 per
710 1037 820 1083 ipsum
844 1037 1044 1083 magistrum
1063 1037 1230 1072 Jacobum
1257 1049 1405 1083 suosque
1425 1043 1630 1071 executores
1649 1044 1684 1072 et

230 1098 422 1144 assignatos
453 1098 627 1132 annuatim
654 1097 793 1132 leuandi
824 1097 1064 1131 indifferenter
1095 1096 1142 1131 Et
1172 1097 1237 1131 hoc
1264 1109 1326 1141 pro
1352 1102 1448 1131 certa
1473 1109 1602 1132 summa
1627 1110 1686 1144 pe-

229 1158 329 1192 cunie
350 1166 358 1194 l
380 1158 543 1192 videlicet
563 1166 571 1193 l
592 1158 790 1203 octuaginta
808 1170 997 1192 marcarum
1016 1157 1143 1191 vsualis
1162 1163 1300 1191 monete
1318 1170 1381 1204 per
1400 1157 1490 1203 ipsos
1509 1157 1684 1192 Gauinum

229 1224 264 1252 et
277 1218 437 1253 Jonetam
457 1218 491 1251 in
510 1217 656 1264 pecunia
674 1223 852 1252 numerata
869 1218 911 1252 ab
929 1217 1003 1264 ipso
1022 1217 1186 1262 magistro
1204 1217 1335 1253 Jacobo
1354 1222 1495 1263 recepta
1516 1238 1521 1243 ·
1547 1217 1683 1258 Quibus

228 1278 404 1324 premissis
431 1278 479 1312 sic
504 1277 602 1312 factis
629 1278 752 1324 prefati
775 1278 933 1312 Gauinus
952 1284 987 1312 et
1005 1278 1133 1313 Joneta
1156 1277 1350 1312 huiusmodi
1377 1290 1538 1312 summam
1565 1279 1684 1312 annui-

229 1338 385 1372 redditus
411 1338 445 1372 in
473 1338 628 1373 manibus
646 1338 856 1372 honorabilis
875 1338 939 1372 viri
962 1338 1156 1372 Alexandri
1177 1338 1343 1372 Hommill
1362 1338 1461 1372 vnius
1481 1338 1683 1373 balliuorum

229 1399 311 1433 dicti
338 1399 439 1445 burgi
458 1405 493 1433 et
511 1399 658 1433 ciuitatis
681 1399 911 1444 Glasguensis
939 1411 999 1445 per
1019 1398 1151 1433 denarii
1171 1411 1209 1433 ac
1227 1399 1271 1433 lie
1292 1398 1377 1445 hesp
1397 1404 1431 1433 et
1449 1399 1561 1445 stapill
1581 1400 1684 1434 tradi-

230 1459 357 1493 tionem
385 1459 584 1505 simpliciter
611 1459 832 1505 resignarunt
848 1467 856 1495 l
875 1459 954 1499 Qua
980 1458 1215 1505 resignatione
1243 1459 1291 1492 sic
1308 1458 1397 1493 facta
1424 1459 1512 1493 idem
1538 1460 1684 1495 balliuus

231 1519 389 1553 saisinam
414 1519 657 1554 hereditariam
684 1519 878 1553 huiusmodi
905 1519 1007 1553 trium
1033 1519 1196 1553 librarum
1224 1519 1407 1553 tresdecim
1435 1519 1620 1554 solidorum
1649 1527 1683 1555 et

231 1585 375 1626 quatuor
393 1579 610 1614 denariorum
630 1579 892 1614 annuiredditus
918 1579 1052 1625 pret‘ato
1070 1578 1234 1625 magistro
1252 1579 1383 1613 ,Iacobo
1401 1579 1587 1614 heredibus
1614 1581 1683 1615 suis

231 1645 266 1674 et
283 1640 465 1686 assignatis
483 1639 690 1674 deliberauit
711 1660 716 1665 ·
741 1639 887 1686 Insuper
914 1639 1037 1686 prefati
1060 1639 1218 1674 Gauinus
1237 1644 1272 1673 et
1289 1639 1416 1674 Joneta
1441 1652 1600 1674 summan]
1622 1653 1683 1675 sex

230 1701 393 1735 librarum
409 1700 670 1734 annuiredditus
688 1700 826 1734 leuandi
841 1700 883 1734 de
902 1700 1102 1747 prescriptis
1117 1700 1219 1734 terris
1235 1706 1269 1734 et
1287 1700 1495 1735 tenementis
1510 1702 1683 1736 annuatim

231 1762 453 1807 resignarunt
478 1761 513 1795 in
537 1761 689 1795 fauorem
710 1760 866 1795 Ecclesie
888 1760 1082 1807 Collegiate
1110 1760 1152 1794 de
1182 1760 1440 1795 Hammiltoune
1468 1761 1501 1795 in
1529 1762 1684 1797 manibus

232 1822 311 1856 dicti
339 1821 457 1856 balliui
482 1821 546 1855 hac
572 1821 724 1855 clausula
749 1820 1087 1856 adiectalvidelicet
1105 1829 1113 1857 l
1130 1821 1219 1867 quod
1251 1820 1379 1855 licitum
1408 1821 1474 1855 erit
1499 1821 1581 1869 ipsis
1607 1835 1684 1869 pre-

232 1882 405 1917 bendariis
431 1882 504 1916 siue
532 1881 787 1916 successoribus
814 1881 1002 1915 eorundem
1028 1893 1091 1927 pro
1118 1886 1272 1927 tempore
1295 1881 1448 1916 vendere
1475 1887 1511 1916 et
1533 1882 1684 1917 alienare

232 1942 424 1976 huiusmodi
450 1941 774 1976 annuumredditum
802 1954 863 1975 sex
888 1941 1050 1975 librarum
1069 1941 1342 1987 quandocunque
1361 1941 1534 1976 videbitur
1562 1942 1623 1977 eiis
1650 1943 1684 1977 in

233 2003 413 2037 vtilitatem
440 2015 558 2037 eorum
584 2002 731 2037 ecclesie
758 2001 950 2048 expediens
966 2010 975 2037 l
991 2007 1027 2036 et
1047 2001 1111 2035 hoc
1130 2001 1171 2035 ad
1190 2001 1402 2035 voluntatem
1422 2003 1609 2037 eorundem
1626 2012 1635 2040 l
1652 2004 1685 2038 in

233 2063 385 2097 fauorem
404 2062 509 2109 ipsius
527 2062 681 2109 magistri
699 2061 822 2098 Jacobi
839 2067 874 2096 et
892 2074 1030 2096 suorum
1048 2061 1214 2096 heredum
1229 2074 1268 2096 ac
1287 2067 1510 2096 executorum
1529 2068 1659 2097 tantum
1676 2073 1685 2100 l

235 2122 281 2156 Et
306 2121 370 2156 hoc
391 2122 522 2156 ratione
542 2128 738 2156 contractus
757 2128 792 2156 et
810 2121 1043 2168 compromissi
1065 2121 1156 2156 inter
1175 2121 1313 2155 eosdem
1336 2121 1510 2156 Gauinum
1529 2128 1564 2157 et
1581 2123 1686 2159 Jone-

234 2189 302 2217 tam
321 2188 356 2216 et
374 2182 528 2216 dominos
548 2183 727 2217 Andream
748 2183 869 2217 Walch
888 2195 926 2216 ac
946 2182 1113 2216 Thomam
1134 2182 1242 2217 Clerk
1260 2188 1501 2228 procuratores
1518 2184 1686 2219 dictorum

234 2242 539 2290 prebendariorum
558 2243 706 2277 finaliter
732 2243 807 2278 initi
826 2249 861 2277 et
878 2242 1075 2277 concordati
1094 2249 1173 2277 ante
1200 2242 1468 2288 resignationem
1494 2244 1687 2279 huiusmodi

237 2315 299 2337 sex
325 2302 487 2336 librarum
518 2302 780 2337 annuiredditus
803 2323 808 2329 ·
833 2302 1058 2337 Presentibus
1085 2302 1212 2337 ibidem
1238 2302 1392 2349 prouidis
1418 2303 1500 2338 viris
1527 2304 1686 2340 Johanne
