1922 2764
290 253 358 284 202
711 246 1041 283 MUNIMENTA
1068 246 1326 281 FRATRUM

290 360 337 394 Et
355 371 421 405 ego
440 358 563 393 Frater
584 357 779 392 Willelmus
799 357 921 403 Reryk
940 356 1103 391 diffinitor
1121 356 1163 390 ad
1182 355 1295 390 omnia
1313 353 1546 401 suprascripta
1563 353 1745 388 consensio

385 425 475 454 teste
495 431 594 453 manu
614 418 753 466 propria
774 439 780 444 ·

289 481 367 527 Ego
386 480 508 514 Frater
526 479 644 514 Dauid
664 479 780 526 Crage
799 478 972 526 presentis
990 477 1128 524 capitulj
1158 475 1321 510 diffinitor
1341 475 1497 510 similiter
1525 474 1602 509 huic
1624 474 1744 509 funda-

385 540 475 575 cioni
494 540 583 575 letus
602 539 756 574 assensio
773 548 781 575 l

288 602 335 636 Et
354 614 420 648 ego
438 601 561 635 Frater
591 600 770 637 Johannes
802 599 925 645 Penny
944 598 1107 633 diffinitor
1125 597 1265 645 capituli
1296 598 1339 632 ad
1370 597 1486 632 omnia
1513 595 1745 643 suprascripta

383 662 565 697 consensio
584 667 673 696 teste
694 673 794 694 manu
813 659 952 706 propria
973 679 979 684 ·

287 723 335 757 Et
352 735 419 769 ego
438 722 560 757 Frater
578 721 756 757 Johannes
786 720 866 754 Red
892 720 986 767 prior
1013 719 1046 753 in
1076 720 1203 754 Sancto
1224 719 1369 754 Andrea
1387 740 1394 746 ·
1419 726 1453 754 et
1479 719 1641 753 diffinitor
1668 731 1744 765 pre-

385 783 492 819 sentis
511 782 651 830 capituli
669 782 710 816 ad
731 781 844 816 omnia
862 780 1094 827 suprascripta
1112 781 1295 815 consensio
1313 786 1403 816 teste
1423 793 1524 815 manu
1542 779 1684 827 propria
1706 800 1711 805 -

288 966 464 1001 Fundacio
483 964 637 1011 magistri
660 963 825 998 Willelmi
847 963 993 998 Stewai·t
1010 974 1073 1009 pro
1092 962 1194 996 missa
1214 962 1321 997 Beate
1343 962 1501 1008 Virginis
1524 983 1528 988 -

228 1120 235 1128 ,
286 1059 489 1124 Vniuersis
508 1094 543 1123 et
561 1087 706 1134 singulis
727 1087 960 1135 Xpifidelibus
979 1094 1046 1122 tam
1065 1087 1286 1134 presentibus
1304 1099 1403 1133 quam
1429 1086 1552 1121 futuris
1579 1086 1642 1121 hoc
1668 1099 1744 1133 pre-

287 1163 366 1185 sens
385 1150 548 1196 scriptum
567 1149 774 1196 inspecturis
811 1148 1007 1183 Willelmus
1029 1149 1176 1183 Stewart
1193 1148 1445 1195 prebendarius
1467 1148 1511 1182 de
1533 1147 1679 1194 Kyllern
1707 1160 1745 1182 ac

285 1211 470 1245 canonicus
497 1210 643 1245 ecclesie
665 1209 898 1255 Glasguensis
925 1207 1132 1256 [rector]que
1161 1209 1308 1244 ecclesie
1335 1209 1558 1256 parrochialis
1577 1209 1620 1243 de
1643 1209 1744 1244 Glas-

285 1268 384 1302 surde
407 1267 638 1314 Glasguensis
663 1267 811 1302 diocesis
857 1267 1008 1302 Salutem
1036 1267 1070 1302 in
1090 1280 1131 1302 eo
1164 1268 1221 1314 qui
1253 1274 1306 1302 est
1336 1268 1486 1302 omnium
1515 1280 1598 1302 vera
1624 1267 1743 1302 salus·

287 1329 437 1363 Nouerit
455 1328 662 1363 vniuersitas
680 1334 796 1363 vestra
818 1328 872 1375 [ut
888 1340 1009 1374 supra,
1031 1340 1087 1363 no.
1108 1332 1165 1363 50.
1191 1341 1306 1375 pagg.
1330 1332 1528 1368 198-201,
1548 1340 1658 1374 usque
1677 1326 1741 1373 ad]

286 1390 325 1423 In
345 1402 487 1436 quorum
507 1389 656 1424 omnium
675 1396 712 1424 et
730 1389 943 1436 singulorum
962 1389 1065 1424 fidem
1085 1395 1119 1424 et
1137 1389 1371 1424 testimonium
1398 1390 1642 1437 premissorum
1665 1389 1744 1424 huic

284 1450 481 1484 fundacioni
507 1463 573 1496 que
601 1462 677 1484 cum
704 1449 804 1484 dictis
830 1449 950 1484 Priore
983 1456 1018 1485 et
1048 1450 1229 1485 Fratribus
1247 1451 1440 1486 remanebit
1460 1471 1466 1478 ·
1490 1450 1641 1498 sigillum
1655 1463 1743 1485 com-

285 1523 386 1545 mune
415 1510 505 1545 dicte
537 1510 685 1545 ciuitatis
708 1510 940 1556 Glasguensis
971 1523 1033 1557 per
1066 1524 1118 1546 me
1150 1524 1225 1546 cum
1256 1511 1423 1546 instancia
1448 1518 1666 1558 procuratum
1684 1521 1692 1548 s
1710 1518 1745 1546 et

255 1613 257 1616 Ι
285 1571 433 1618 sigillum
450 1584 561 1606 meum
576 1572 752 1618 proprium
766 1571 988 1618 presentibus
1005 1578 1084 1606 sunt
1101 1584 1253 1618 appensa
1291 1572 1397 1619 Apud
1415 1572 1557 1619 Glasgw
1572 1572 1627 1607 die
1643 1579 1743 1608 sexto

283 1632 410 1667 niensis
437 1632 520 1679 Julij
559 1645 648 1667 anno
684 1632 825 1679 Dominj
856 1653 861 1658 ·
885 1632 1065 1667 millesimo
1087 1654 1093 1659 -
1116 1633 1458 1680 quadringentesimo
1481 1655 1486 1660 -
1510 1633 1743 1680 octuagesimo

284 1694 457 1740 septimo·
488 1692 612 1728 Coram
656 1692 720 1727 hiis
764 1693 938 1728 testibus·
968 1693 1124 1728 Roberto
1162 1693 1245 1728 Hall
1280 1694 1322 1728 de
1358 1693 1514 1728 Fowlbar
1537 1715 1542 1720 -
1568 1694 1742 1728 Willelmo

287 1753 404 1788 Schaw
427 1774 432 1779 ·
458 1753 614 1788 Henrico
634 1753 753 1788 Burell
776 1775 782 1780 ·
807 1753 1021 1788 Archibaldo
1035 1754 1257 1789 Hei-bertson
1281 1775 1286 1780 -
1311 1761 1345 1789 et
1360 1753 1495 1789 Thoma
1512 1755 1649 1801 Hodgis
1665 1755 1742 1789 bur-

285 1814 449 1860 gensibus
478 1821 513 1848 et
531 1814 663 1849 ciuibus
692 1814 783 1849 dicte
802 1813 950 1849 ciuitatis
973 1814 1204 1862 Glasguensis
1228 1836 1233 1841 ·
1257 1828 1295 1849 ac
1314 1815 1452 1850 domino
1469 1815 1629 1851 Johanne
1650 1815 1741 1850 Ran-

284 1875 354 1921 kyn
374 1874 551 1922 capellano
569 1888 646 1910 cum
665 1875 780 1910 multis
799 1875 874 1909 aliis
893 1882 949 1909 etc
970 1895 976 1901 ·

288 2056 413 2090 Obitus
432 2056 557 2102 dominj
580 2056 695 2091 Dauid
715 2055 864 2091 Prowde
883 2070 945 2104 per
965 2057 1105 2092 Fratres
1126 2057 1367 2093 Predicatores

202 2189 232 2212 ι.
286 2148 341 2212 ΙΝ
363 2179 437 2213 Dm
457 2192 602 2214 ΝοΜιΝΕ
623 2193 724 2215 AMEN
771 2181 837 2216 Per
856 2182 920 2216 hoc
938 2182 1204 2217 instrumentum
1223 2189 1338 2229 pateat
1356 2183 1447 2229 quod
1466 2195 1555 2217 anno
1570 2183 1611 2217 ab
1629 2183 1738 2217 incar-

285 2239 427 2274 nacione
447 2240 588 2274 Domini
619 2241 796 2275 millesimo
825 2242 1166 2288 quadringentesimo
1184 2245 1408 2289 nonagesimo
1435 2242 1580 2289 septimo
1607 2243 1663 2277 die
1690 2242 1736 2288 xij
