1922 2764
221 214 286 246 108
541 208 695 243 LIBER
721 207 968 243 ECCLESIE
997 206 1336 242 COLLEGIATE

216 307 343 354 scripta
359 311 566 353 potestatem
584 305 725 339 habenti
743 313 751 341 Ι
769 304 898 339 Vestre
917 303 1207 338 reuerendissime
1226 302 1442 349 paternitatis
1469 302 1615 337 humiles
1633 310 1669 338 et

217 367 334 402 deuoti
352 367 412 400 filii
432 366 636 401 Alexander
653 365 880 412 permissione
896 364 1013 398 diuina
1026 364 1130 398 abbas
1150 362 1356 397 Monasterii
1371 363 1414 396 de
1433 362 1669 410 Kilwynnyng

217 434 252 463 et
270 428 423 462 eiusdem
443 432 634 461 conuentus
661 425 791 460 ordinis
822 425 937 459 Sancti
965 423 1147 458 Benedicti
1166 429 1281 457 vestre
1305 422 1535 469 Glasguensis
1557 423 1669 458 dioce-

216 488 262 522 sis
287 496 296 524 Ι
325 487 557 522 Reuerentias
584 499 660 521 cum
686 486 817 520 honore
844 491 939 519 tanto
967 483 1258 518 reuerendissimo
1284 482 1374 529 patri
1401 483 1535 517 debitas
1557 504 1563 510 -
1588 483 1670 518 RE·-

222 547 607 584 UERENDISSIME
633 552 733 594 pater
758 551 796 580 vt
822 544 1044 580 ecclesiarum
1071 543 1221 577 omnium
1251 543 1330 590 [etc.
1349 548 1389 578 ut
1409 556 1529 589 supra,
1554 556 1669 590 pagg.

223 612 275 650 10,
300 612 353 651 11,
378 611 431 650 12,
456 606 526 652 13.]

218 757 288 822 IN
316 786 405 822 DEI
432 786 569 820 nomine
589 785 704 819 Amen
728 805 733 810 ·
759 784 825 818 Per
849 784 913 818 hoe
932 783 1105 830 publicum
1124 783 1387 817 instrumentum
1407 783 1538 818 cunctis
1557 789 1673 830 pateat

217 847 308 894 quod
327 859 416 881 anno
434 845 677 880 incarnationis
697 844 881 878 Dominiee
899 843 1080 878 millesimo
1099 843 1377 890 quingentesimo
1395 844 1671 890 quadragesimo-

217 913 339 942 octauo
352 907 407 941 die
416 919 500 941 vero
509 906 628 952 quinto
640 905 767 939 mensis
775 904 930 940 Januarii
947 913 956 940 l
972 904 1012 938 In
1026 910 1220 938 nostrorum
1234 904 1443 939 notariorum
1456 905 1669 951 publicorum

217 973 252 1002 et
265 967 404 1002 testium
419 963 688 1012 subscriptorum
702 964 887 1011 presentiis
902 965 1131 1010 personaliter
1145 965 1352 999 constitutus
1365 965 1534 1000 discretus
1548 965 1600 999 vir
1612 966 1670 1000 do-

217 1028 328 1061 minus
345 1027 520 1061 Robertus
535 1026 726 1060 Watsoune
742 1031 943 1071 procurator
958 1030 993 1059 et
1008 1037 1048 1059 eo
1065 1025 1201 1059 nomine
1216 1025 1424 1059 venerabilis
1436 1024 1500 1058 viri
1516 1026 1670 1072 magistri

217 1088 339 1124 Jacobi
360 1087 567 1122 Houstoune
587 1086 774 1121 subdecani
796 1085 1027 1132 Glasguensis
1046 1098 1084 1120 ac
1102 1085 1293 1120 fundatoris
1317 1085 1411 1119 Noui
1428 1085 1576 1132 Collegii
1596 1087 1669 1122 siue

219 1148 414 1194 Collegiate
434 1147 592 1182 Ecclesie
608 1147 733 1181 situate
752 1146 840 1180 infra
854 1146 1027 1180 ciuitatem
1045 1145 1302 1192 Glasguensen]
1318 1145 1474 1180 dedicate
1490 1146 1523 1180 in
1540 1146 1670 1181 honore

218 1209 401 1243 Beatarum
421 1208 535 1242 Marie
556 1207 714 1254 Virginis
733 1214 768 1241 et
787 1206 893 1241 Anne
920 1206 1037 1240 matris
1057 1206 1131 1241 eius
1147 1215 1156 1242 l
1172 1206 1354 1241 existentis
1372 1219 1507 1253 quoque
1527 1207 1560 1241 in
1580 1214 1669 1242 statu

218 1275 253 1304 et
270 1269 395 1303 saisina
414 1268 563 1302 omnium
587 1273 623 1302 et
649 1267 862 1314 singulorum
890 1273 1166 1301 tenementorum
1194 1273 1361 1302 terrarum
1389 1267 1565 1302 domorum
1592 1268 1670 1302 hor-

217 1342 353 1364 reorum
371 1329 548 1364 hortorum
568 1334 603 1362 et
620 1340 812 1362 annuorum
831 1327 1027 1361 reddituum
1047 1327 1315 1374 subscriptorum
1331 1340 1405 1361 cum
1424 1328 1644 1374 pertinentiis
1662 1338 1671 1365 Ι

217 1390 363 1424 accessit
388 1389 431 1423 ad
457 1388 674 1435 personalem
701 1388 908 1435 presentiam
936 1387 1090 1432 magistri
1111 1387 1279 1423 Johanuis
1301 1387 1383 1421 Hall
1403 1388 1502 1422 vnius
1528 1389 1669 1422 balliuo-

217 1463 292 1484 rum
310 1463 372 1496 pro
391 1455 545 1496 tempore
564 1448 713 1483 ciuitatis
731 1448 961 1494 Glasguensis
981 1447 1027 1482 Et
1047 1447 1173 1482 ibidem
1192 1448 1428 1494 procuratorio
1446 1448 1583 1483 nomine
1602 1461 1670 1495 quo

218 1523 321 1557 supra
347 1510 460 1544 omnia
486 1516 521 1544 et
546 1509 682 1555 singula
708 1514 907 1542 tenementa
933 1514 1043 1542 terras
1070 1508 1194 1542 horrea
1220 1508 1338 1542 domos
1365 1514 1458 1542 ortos
1477 1514 1512 1542 et
1538 1521 1670 1543 annuos

218 1570 373 1605 redditus
392 1569 584 1616 subscripta
602 1581 665 1616 per
683 1574 776 1603 terre
796 1575 831 1603 et
849 1568 970 1615 lapidis
989 1580 1028 1602 ac
1046 1568 1090 1602 lie
1109 1567 1194 1614 hesp
1213 1573 1248 1602 et
1266 1568 1380 1615 stapill
1397 1568 1616 1603 traditionem
1636 1569 1669 1603 in

219 1631 374 1665 manibus
392 1630 475 1664 dicti
496 1629 612 1664 balliui
639 1641 702 1675 pro
721 1634 810 1663 statu
830 1634 865 1662 et
883 1628 1008 1662 saisina
1034 1628 1171 1662 nomine
1190 1628 1271 1662 dicti
1293 1627 1443 1675 Collegii
1462 1629 1535 1663 siue
1556 1629 1671 1664 Colle-

218 1692 311 1738 giate
331 1690 489 1725 Ecclesie
507 1690 649 1724 fundate
671 1695 707 1724 et
725 1694 841 1724 erecte
868 1701 930 1735 per
957 1688 1084 1723 dietum
1112 1688 1311 1734 magistrum
1337 1688 1503 1724 Jacobum
1522 1689 1672 1736 desuper

218 1751 385 1786 habendis
404 1750 604 1797 simpliciter
623 1749 814 1795 resignauit
834 1769 840 1775 ·
866 1748 1002 1789 Quibus
1026 1748 1317 1794 resignatiouibus
1337 1749 1385 1783 sie
1402 1749 1500 1783 factis
1518 1750 1671 1796 prefatus

219 1812 365 1846 balliuus
383 1810 528 1846 accessit
546 1810 588 1844 ad
606 1816 716 1844 terras
734 1815 934 1844 tenementa
959 1809 1078 1843 hortos
1096 1814 1131 1843 et
1148 1808 1273 1842 horrea
1299 1809 1491 1856 subscripta
1506 1818 1514 1845 l
1532 1809 1578 1844 Et
1604 1810 1671 1856 pri-

220 1885 274 1907 mo
293 1872 335 1907 ad
353 1872 505 1918 quinque
523 1870 623 1904 rodas
643 1883 717 1904 cum
737 1882 804 1904 vna
822 1876 919 1904 curta
944 1869 1028 1903 roda
1052 1875 1144 1903 terre
1168 1869 1325 1916 jacentes
1351 1869 1386 1903 in
1406 1869 1531 1916 Longa
1550 1869 1671 1905 Crofta

220 1932 310 1966 inter
334 1938 444 1966 terras
468 1930 546 1964 olim
567 1929 712 1964 Andree
734 1929 914 1976 Campbell
941 1942 985 1964 ex
1013 1929 1171 1964 orientali
1199 1935 1233 1963 et
1260 1935 1370 1964 terras
1396 1929 1475 1964 olim
1502 1930 1671 1966 Johannis

223 1992 311 2026 Park
331 2004 375 2025 ex
394 1990 599 2025 occidentali
616 1990 770 2037 partibus
790 1989 836 2024 Et
854 1989 897 2024 ad
914 2002 1018 2024 vnum
1036 1989 1197 2024 horreum
1213 2002 1287 2023 cum
1307 1995 1382 2024 orto
1401 1995 1436 2024 et
1453 1990 1672 2036 pertinentiis

221 2057 422 2098 occupatum
440 2051 483 2085 de
501 2050 656 2097 presenti
682 2063 744 2097 per
770 2050 938 2086 Jacobum
965 2050 1144 2096 Dalgleiss
1165 2050 1296 2084 debens
1323 2050 1496 2084 annuatim
1516 2050 1672 2097 triginta-

221 2112 371 2158 quinque
403 2111 529 2145 solidos
560 2110 664 2145 annui
694 2110 850 2145 redditus
881 2110 1001 2156 jacens
1036 2110 1126 2144 inter
1157 2116 1267 2144 terras
1299 2110 1381 2144 dieti
1412 2110 1491 2144 olim
1527 2110 1671 2146 Andree

224 2171 404 2218 Campbell
422 2183 466 2205 ex
485 2171 643 2205 orientali
670 2177 705 2205 et
730 2177 841 2205 terras
867 2171 949 2205 dicti
977 2170 1056 2205 olim
1082 2170 1251 2206 Johannis
1280 2170 1370 2205 Park
1397 2183 1442 2205 ex
1468 2171 1671 2205 occidentali

221 2231 397 2278 partibus!
416 2231 503 2265 Item
522 2231 564 2264 ad
584 2243 682 2264 vnam
701 2230 883 2265 dimediam
902 2243 1013 2265 acram
1033 2237 1125 2265 terre
1149 2231 1322 2277 jacentem
1349 2231 1383 2265 in
1410 2231 1533 2277 Longa
1552 2231 1672 2265 Crofta
