<?xml version="1.0" encoding="UTF-8"?>
<!DOCTYPE html PUBLIC "-//W3C//DTD XHTML 1.0 Transitional//EN"
    "http://www.w3.org/TR/xhtml1/DTD/xhtml1-transitional.dtd">
<html xmlns="http://www.w3.org/1999/xhtml" xml:lang="en" lang="en">
 <head>
  <title>
</title>
<meta http-equiv="Content-Type" content="text/html;charset=utf-8" />
  <meta name='ocr-system' content='tesseract 3.04.00' />
  <meta name='ocr-capabilities' content='ocr_page ocr_carea ocr_par ocr_line ocrx_word'/>
</head>
<body>
  <div class='ocr_page' id='page_1' title='image "./libercollegiinos00mait_0344.png"; bbox 0 0 1922 2764; ppageno 0'>
   <div class='ocr_carea' id='block_1_1' title="bbox 148 597 194 631">
    <p class='ocr_par' dir='ltr' id='par_1_1' title="bbox 148 597 194 631">
     <span class='ocr_line' id='line_1_1' title="bbox 148 597 194 631; baseline 0 0"><span class='ocrx_word' id='word_1_1' title='bbox 148 597 194 631; x_wconf 73' lang='lat' dir='ltr'><strong>vi.</strong></span> 
     </span>
    </p>
   </div>
   <div class='ocr_carea' id='block_1_2' title="bbox 133 2055 191 2090">
    <p class='ocr_par' dir='ltr' id='par_1_2' title="bbox 133 2055 191 2090">
     <span class='ocr_line' id='line_1_2' title="bbox 133 2055 191 2090; baseline 0.017 -1"><span class='ocrx_word' id='word_1_2' title='bbox 133 2055 191 2090; x_wconf 70' lang='lat' dir='ltr'><strong>vii.</strong></span> 
     </span>
    </p>
   </div>
   <div class='ocr_carea' id='block_1_3' title="bbox 246 301 1116 336">
    <p class='ocr_par' dir='ltr' id='par_1_3' title="bbox 246 301 1116 336">
     <span class='ocr_line' id='line_1_3' title="bbox 246 301 1116 336; baseline 0.001 -1"><span class='ocrx_word' id='word_1_3' title='bbox 246 304 316 336; x_wconf 82' lang='lat'>‘238</span> <span class='ocrx_word' id='word_1_4' title='bbox 837 301 1116 336; x_wconf 89' lang='lat' dir='ltr'><strong>APPENDIX.</strong></span> 
     </span>
    </p>
   </div>
   <div class='ocr_carea' id='block_1_4' title="bbox 248 471 1365 508">
    <p class='ocr_par' dir='ltr' id='par_1_4' title="bbox 248 471 1365 508">
     <span class='ocr_line' id='line_1_4' title="bbox 248 471 1365 508; baseline 0 -1"><span class='ocrx_word' id='word_1_5' title='bbox 248 482 256 508; x_wconf 81' lang='lat' dir='ltr'><strong>l</strong></span> <span class='ocrx_word' id='word_1_6' title='bbox 273 473 544 507; x_wconf 88' lang='lat' dir='ltr'><strong>Instrumentum</strong></span> <span class='ocrx_word' id='word_1_7' title='bbox 564 472 607 507; x_wconf 91' lang='lat' dir='ltr'><strong>de</strong></span> <span class='ocrx_word' id='word_1_8' title='bbox 626 478 827 507; x_wconf 81' lang='lat' dir='ltr'><strong>tenemento</strong></span> <span class='ocrx_word' id='word_1_9' title='bbox 846 471 975 506; x_wconf 91' lang='lat' dir='ltr'><strong>domini</strong></span> <span class='ocrx_word' id='word_1_10' title='bbox 994 471 1130 506; x_wconf 88' lang='lat' dir='ltr'><strong>Thome</strong></span> <span class='ocrx_word' id='word_1_11' title='bbox 1151 471 1341 507; x_wconf 86' lang='lat' dir='ltr'><strong>Marschell</strong></span> <span class='ocrx_word' id='word_1_12' title='bbox 1357 481 1365 508; x_wconf 84' lang='lat' dir='ltr'><strong>l</strong></span> 
     </span>
    </p>
   </div>
   <div class='ocr_carea' id='block_1_5' title="bbox 239 566 1708 1740">
    <p class='ocr_par' dir='ltr' id='par_1_5' title="bbox 239 566 1708 1740">
     <span class='ocr_line' id='line_1_5' title="bbox 246 566 1706 643; baseline -0.001 -11"><span class='ocrx_word' id='word_1_13' title='bbox 246 566 303 632; x_wconf 79' lang='grc' dir='ltr'><strong>ΙΝ</strong></span> <span class='ocrx_word' id='word_1_14' title='bbox 323 609 468 632; x_wconf 80' lang='lat' dir='ltr'><strong>NOMINE</strong></span> <span class='ocrx_word' id='word_1_15' title='bbox 489 597 638 632; x_wconf 79' lang='lat' dir='ltr'>DOMINI</span> <span class='ocrx_word' id='word_1_16' title='bbox 660 596 776 631; x_wconf 81' lang='grc' dir='ltr'><strong>ΑΜΕΝ</strong></span> <span class='ocrx_word' id='word_1_17' title='bbox 800 618 805 624; x_wconf 91' lang='grc'><strong>-</strong></span> <span class='ocrx_word' id='word_1_18' title='bbox 830 597 898 631; x_wconf 90' lang='lat' dir='ltr'><strong>Per</strong></span> <span class='ocrx_word' id='word_1_19' title='bbox 915 596 981 631; x_wconf 90' lang='grc'>1100</span> <span class='ocrx_word' id='word_1_20' title='bbox 1007 596 1273 631; x_wconf 76' lang='lat' dir='ltr'><strong>instrumentum</strong></span> <span class='ocrx_word' id='word_1_21' title='bbox 1299 601 1416 643; x_wconf 87' lang='lat' dir='ltr'><strong>pateat</strong></span> <span class='ocrx_word' id='word_1_22' title='bbox 1438 617 1444 623; x_wconf 93' lang='lat'>·</span> <span class='ocrx_word' id='word_1_23' title='bbox 1468 596 1560 643; x_wconf 93' lang='lat' dir='ltr'><strong>quod</strong></span> <span class='ocrx_word' id='word_1_24' title='bbox 1577 608 1668 631; x_wconf 89' lang='lat' dir='ltr'><strong>anno</strong></span> <span class='ocrx_word' id='word_1_25' title='bbox 1686 608 1706 630; x_wconf 85' lang='lat' dir='ltr'><strong>a</strong></span> 
     </span>
     <span class='ocr_line' id='line_1_6' title="bbox 245 657 1706 704; baseline -0.001 -12"><span class='ocrx_word' id='word_1_26' title='bbox 245 658 426 693; x_wconf 84' lang='lat' dir='ltr'><strong>natiuitate</strong></span> <span class='ocrx_word' id='word_1_27' title='bbox 453 658 606 693; x_wconf 87' lang='lat' dir='ltr'><strong>eiusdem</strong></span> <span class='ocrx_word' id='word_1_28' title='bbox 638 657 780 704; x_wconf 87' lang='lat' dir='ltr'><strong>Dominj</strong></span> <span class='ocrx_word' id='word_1_29' title='bbox 809 657 991 692; x_wconf 90' lang='lat' dir='ltr'><strong>millesimo</strong></span> <span class='ocrx_word' id='word_1_30' title='bbox 1018 660 1133 692; x_wconf 71' lang='grc' dir='ltr'><strong>0000“3ο</strong></span> <span class='ocrx_word' id='word_1_31' title='bbox 1154 657 1287 692; x_wconf 89' lang='lat' dir='ltr'><strong>decimo</strong></span> <span class='ocrx_word' id='word_1_32' title='bbox 1310 678 1316 684; x_wconf 92' lang='lat'>·</span> <span class='ocrx_word' id='word_1_33' title='bbox 1339 657 1467 692; x_wconf 81' lang='lat' dir='ltr'><strong>mensis</strong></span> <span class='ocrx_word' id='word_1_34' title='bbox 1494 657 1706 692; x_wconf 90' lang='lat' dir='ltr'><strong>Nouembris</strong></span> 
     </span>
     <span class='ocr_line' id='line_1_7' title="bbox 245 718 1706 765; baseline 0 -13"><span class='ocrx_word' id='word_1_35' title='bbox 245 719 300 753; x_wconf 90' lang='lat' dir='ltr'><strong>die</strong></span> <span class='ocrx_word' id='word_1_36' title='bbox 319 719 377 765; x_wconf 81' lang='lat' dir='ltr'><strong>xvj</strong></span> <span class='ocrx_word' id='word_1_37' title='bbox 401 739 407 745; x_wconf 91' lang='lat'><strong>·</strong></span> <span class='ocrx_word' id='word_1_38' title='bbox 430 719 472 753; x_wconf 92' lang='lat' dir='ltr'><strong>In</strong></span> <span class='ocrx_word' id='word_1_39' title='bbox 490 719 557 753; x_wconf 89' lang='lat' dir='ltr'><strong>mei</strong></span> <span class='ocrx_word' id='word_1_40' title='bbox 577 718 698 765; x_wconf 87' lang='lat' dir='ltr'><strong>notarij</strong></span> <span class='ocrx_word' id='word_1_41' title='bbox 729 718 858 765; x_wconf 83' lang='lat' dir='ltr'>publici</span> <span class='ocrx_word' id='word_1_42' title='bbox 877 724 912 753; x_wconf 87' lang='lat' dir='ltr'><strong>et</strong></span> <span class='ocrx_word' id='word_1_43' title='bbox 938 718 1078 752; x_wconf 86' lang='lat' dir='ltr'><strong>testium</strong></span> <span class='ocrx_word' id='word_1_44' title='bbox 1107 718 1377 765; x_wconf 89' lang='lat' dir='ltr'><strong>subscriptorum</strong></span> <span class='ocrx_word' id='word_1_45' title='bbox 1404 718 1585 765; x_wconf 84' lang='lat' dir='ltr'><strong>presencia</strong></span> <span class='ocrx_word' id='word_1_46' title='bbox 1601 726 1610 754; x_wconf 98' lang='grc' dir='ltr'><em>Ι</em></span> <span class='ocrx_word' id='word_1_47' title='bbox 1626 730 1706 752; x_wconf 93' lang='grc'>0011-</span> 
     </span>
     <span class='ocr_line' id='line_1_8' title="bbox 244 778 1706 825; baseline -0.001 -12"><span class='ocrx_word' id='word_1_48' title='bbox 244 779 421 814; x_wconf 83' lang='lat' dir='ltr'><strong>cordatum</strong></span> <span class='ocrx_word' id='word_1_49' title='bbox 451 779 516 813; x_wconf 87' lang='lat' dir='ltr'><strong>fuit</strong></span> <span class='ocrx_word' id='word_1_50' title='bbox 539 778 631 813; x_wconf 88' lang='lat' dir='ltr'><strong>inter</strong></span> <span class='ocrx_word' id='word_1_51' title='bbox 658 779 845 813; x_wconf 86' lang='lat' dir='ltr'><strong>discretum</strong></span> <span class='ocrx_word' id='word_1_52' title='bbox 864 778 975 812; x_wconf 90' lang='lat' dir='ltr'><strong>virum</strong></span> <span class='ocrx_word' id='word_1_53' title='bbox 1002 778 1175 813; x_wconf 90' lang='lat' dir='ltr'><strong>dominum</strong></span> <span class='ocrx_word' id='word_1_54' title='bbox 1204 778 1372 813; x_wconf 89' lang='lat' dir='ltr'><strong>Thomam</strong></span> <span class='ocrx_word' id='word_1_55' title='bbox 1400 778 1578 814; x_wconf 87' lang='lat' dir='ltr'><strong>Marschel</strong></span> <span class='ocrx_word' id='word_1_56' title='bbox 1599 799 1606 805; x_wconf 91' lang='lat'><strong>·</strong></span> <span class='ocrx_word' id='word_1_57' title='bbox 1628 791 1706 825; x_wconf 90' lang='lat' dir='ltr'><strong>per-</strong></span> 
     </span>
     <span class='ocr_line' id='line_1_9' title="bbox 243 838 1708 886; baseline 0 -12"><span class='ocrx_word' id='word_1_58' title='bbox 243 845 384 886; x_wconf 90' lang='lat' dir='ltr'><strong>petuum</strong></span> <span class='ocrx_word' id='word_1_59' title='bbox 411 839 575 874; x_wconf 87' lang='lat' dir='ltr'><strong>vicarium</strong></span> <span class='ocrx_word' id='word_1_60' title='bbox 603 840 646 874; x_wconf 81' lang='lat' dir='ltr'><strong>de.</strong></span> <span class='ocrx_word' id='word_1_61' title='bbox 676 839 887 886; x_wconf 88' lang='lat' dir='ltr'><strong>Kylbyrnyn</strong></span> <span class='ocrx_word' id='word_1_62' title='bbox 909 838 1140 885; x_wconf 81' lang='lat' dir='ltr'><strong>Glasguensis</strong></span> <span class='ocrx_word' id='word_1_63' title='bbox 1167 839 1315 874; x_wconf 84' lang='lat' dir='ltr'><strong>diocesis</strong></span> <span class='ocrx_word' id='word_1_64' title='bbox 1337 860 1343 866; x_wconf 90' lang='lat'><strong>·</strong></span> <span class='ocrx_word' id='word_1_65' title='bbox 1366 852 1411 874; x_wconf 85' lang='lat' dir='ltr'><strong>ex</strong></span> <span class='ocrx_word' id='word_1_66' title='bbox 1437 845 1535 886; x_wconf 87' lang='lat' dir='ltr'><strong>parte</strong></span> <span class='ocrx_word' id='word_1_67' title='bbox 1554 852 1621 874; x_wconf 87' lang='lat' dir='ltr'><strong>vna</strong></span> <span class='ocrx_word' id='word_1_68' title='bbox 1643 860 1648 866; x_wconf 92' lang='lat'>·</span> <span class='ocrx_word' id='word_1_69' title='bbox 1671 845 1708 874; x_wconf 85' lang='lat' dir='ltr'><strong>et</strong></span> 
     </span>
     <span class='ocr_line' id='line_1_10' title="bbox 242 899 1706 947; baseline -0.001 -12"><span class='ocrx_word' id='word_1_70' title='bbox 242 900 437 936; x_wconf 84' lang='lat' dir='ltr'><strong>Johannem</strong></span> <span class='ocrx_word' id='word_1_71' title='bbox 457 900 567 935; x_wconf 88' lang='lat' dir='ltr'><strong>Leich</strong></span> <span class='ocrx_word' id='word_1_72' title='bbox 586 900 797 947; x_wconf 81' lang='lat' dir='ltr'><strong>burgensem</strong></span> <span class='ocrx_word' id='word_1_73' title='bbox 817 900 860 934; x_wconf 89' lang='lat' dir='ltr'><strong>de</strong></span> <span class='ocrx_word' id='word_1_74' title='bbox 883 899 1019 946; x_wconf 82' lang='lat' dir='ltr'><strong>Glasgu</strong></span> <span class='ocrx_word' id='word_1_75' title='bbox 1042 920 1048 926; x_wconf 91' lang='lat'><strong>·</strong></span> <span class='ocrx_word' id='word_1_76' title='bbox 1071 912 1110 934; x_wconf 83' lang='lat' dir='ltr'><strong>ac</strong></span> <span class='ocrx_word' id='word_1_77' title='bbox 1130 899 1338 934; x_wconf 85' lang='lat' dir='ltr'><strong>Anabellam</strong></span> <span class='ocrx_word' id='word_1_78' title='bbox 1357 899 1400 934; x_wconf 91' lang='lat' dir='ltr'><strong>de</strong></span> <span class='ocrx_word' id='word_1_79' title='bbox 1419 899 1612 946; x_wconf 84' lang='lat' dir='ltr'><strong>Bogtowne</strong></span> <span class='ocrx_word' id='word_1_80' title='bbox 1631 899 1706 934; x_wconf 89' lang='lat' dir='ltr'><strong>eius</strong></span> 
     </span>
     <span class='ocr_line' id='line_1_11' title="bbox 242 960 1705 1007; baseline -0.001 -11"><span class='ocrx_word' id='word_1_81' title='bbox 242 974 384 997; x_wconf 87' lang='lat' dir='ltr'><strong>vxorem</strong></span> <span class='ocrx_word' id='word_1_82' title='bbox 416 961 565 996; x_wconf 89' lang='lat' dir='ltr'><strong>heredes</strong></span> <span class='ocrx_word' id='word_1_83' title='bbox 596 961 773 996; x_wconf 89' lang='lat' dir='ltr'><strong>cuiusdam</strong></span> <span class='ocrx_word' id='word_1_84' title='bbox 804 961 995 996; x_wconf 86' lang='lat' dir='ltr'><strong>tenementi</strong></span> <span class='ocrx_word' id='word_1_85' title='bbox 1029 961 1112 996; x_wconf 86' lang='lat' dir='ltr'><strong>dicti</strong></span> <span class='ocrx_word' id='word_1_86' title='bbox 1143 961 1269 1007; x_wconf 90' lang='lat' dir='ltr'><strong>dominj</strong></span> <span class='ocrx_word' id='word_1_87' title='bbox 1305 961 1440 996; x_wconf 90' lang='lat' dir='ltr'><strong>Thome</strong></span> <span class='ocrx_word' id='word_1_88' title='bbox 1463 982 1469 987; x_wconf 93' lang='lat'>·</span> <span class='ocrx_word' id='word_1_89' title='bbox 1495 960 1640 995; x_wconf 88' lang='lat' dir='ltr'><strong>iacentis</strong></span> <span class='ocrx_word' id='word_1_90' title='bbox 1670 961 1705 995; x_wconf 90' lang='lat' dir='ltr'><strong>in</strong></span> 
     </span>
     <span class='ocr_line' id='line_1_12' title="bbox 241 1021 1705 1069; baseline 0 -13"><span class='ocrx_word' id='word_1_91' title='bbox 241 1023 353 1069; x_wconf 83' lang='lat' dir='ltr'><strong>burgo</strong></span> <span class='ocrx_word' id='word_1_92' title='bbox 372 1023 415 1057; x_wconf 89' lang='lat' dir='ltr'><strong>de</strong></span> <span class='ocrx_word' id='word_1_93' title='bbox 439 1022 575 1069; x_wconf 84' lang='lat' dir='ltr'><strong>Glasgu</strong></span> <span class='ocrx_word' id='word_1_94' title='bbox 594 1035 715 1057; x_wconf 88' lang='lat' dir='ltr'><strong>versus</strong></span> <span class='ocrx_word' id='word_1_95' title='bbox 736 1022 875 1057; x_wconf 84' lang='lat' dir='ltr'><strong>Portam</strong></span> <span class='ocrx_word' id='word_1_96' title='bbox 896 1022 1092 1057; x_wconf 85' lang='lat' dir='ltr'><strong>Subdecani</strong></span> <span class='ocrx_word' id='word_1_97' title='bbox 1114 1022 1348 1069; x_wconf 83' lang='lat' dir='ltr'><strong>Glasguensis</strong></span> <span class='ocrx_word' id='word_1_98' title='bbox 1367 1034 1411 1056; x_wconf 84' lang='lat' dir='ltr'><strong>ex</strong></span> <span class='ocrx_word' id='word_1_99' title='bbox 1429 1027 1527 1069; x_wconf 87' lang='lat' dir='ltr'><strong>parte</strong></span> <span class='ocrx_word' id='word_1_100' title='bbox 1547 1021 1705 1056; x_wconf 87' lang='lat' dir='ltr'><strong>occiden-</strong></span> 
     </span>
     <span class='ocr_line' id='line_1_13' title="bbox 242 1082 1705 1130; baseline -0.001 -13"><span class='ocrx_word' id='word_1_101' title='bbox 242 1083 301 1118; x_wconf 83' lang='lat' dir='ltr'><strong>tali</strong></span> <span class='ocrx_word' id='word_1_102' title='bbox 323 1104 329 1110; x_wconf 90' lang='lat'><strong>·</strong></span> <span class='ocrx_word' id='word_1_103' title='bbox 352 1083 443 1118; x_wconf 89' lang='lat' dir='ltr'><strong>inter</strong></span> <span class='ocrx_word' id='word_1_104' title='bbox 461 1083 494 1118; x_wconf 87' lang='lat' dir='ltr'><strong>le</strong></span> <span class='ocrx_word' id='word_1_105' title='bbox 517 1083 748 1130; x_wconf 87' lang='lat' dir='ltr'><strong>Gyrthburne</strong></span> <span class='ocrx_word' id='word_1_106' title='bbox 771 1104 777 1110; x_wconf 89' lang='lat'><strong>·</strong></span> <span class='ocrx_word' id='word_1_107' title='bbox 801 1089 836 1118; x_wconf 88' lang='lat' dir='ltr'><strong>et</strong></span> <span class='ocrx_word' id='word_1_108' title='bbox 854 1083 968 1117; x_wconf 89' lang='lat' dir='ltr'><strong>vicum</strong></span> <span class='ocrx_word' id='word_1_109' title='bbox 994 1082 1051 1129; x_wconf 90' lang='lat' dir='ltr'><strong>qui</strong></span> <span class='ocrx_word' id='word_1_110' title='bbox 1079 1082 1204 1117; x_wconf 89' lang='lat' dir='ltr'><strong>dicitur</strong></span> <span class='ocrx_word' id='word_1_111' title='bbox 1226 1103 1232 1109; x_wconf 90' lang='lat'><em>-</em></span> <span class='ocrx_word' id='word_1_112' title='bbox 1255 1082 1288 1117; x_wconf 94' lang='grc'><strong>10</strong></span> <span class='ocrx_word' id='word_1_113' title='bbox 1316 1082 1501 1129; x_wconf 83' lang='lat' dir='ltr'><strong>Dreggate</strong></span> <span class='ocrx_word' id='word_1_114' title='bbox 1518 1091 1527 1119; x_wconf 91' lang='grc' dir='ltr'><em>Ι</em></span> <span class='ocrx_word' id='word_1_115' title='bbox 1544 1095 1589 1117; x_wconf 83' lang='lat' dir='ltr'><strong>ex</strong></span> <span class='ocrx_word' id='word_1_116' title='bbox 1607 1089 1705 1130; x_wconf 85' lang='lat' dir='ltr'><strong>parte</strong></span> 
     </span>
     <span class='ocr_line' id='line_1_14' title="bbox 242 1144 1705 1191; baseline -0.001 -12"><span class='ocrx_word' id='word_1_117' title='bbox 242 1145 351 1179; x_wconf 86' lang='lat' dir='ltr'><strong>altera</strong></span> <span class='ocrx_word' id='word_1_118' title='bbox 369 1145 402 1178; x_wconf 91' lang='lat' dir='ltr'><strong>in</strong></span> <span class='ocrx_word' id='word_1_119' title='bbox 421 1145 530 1179; x_wconf 83' lang='lat' dir='ltr'><strong>forma</strong></span> <span class='ocrx_word' id='word_1_120' title='bbox 548 1151 584 1179; x_wconf 89' lang='lat' dir='ltr'><strong>et</strong></span> <span class='ocrx_word' id='word_1_121' title='bbox 610 1145 814 1179; x_wconf 90' lang='lat' dir='ltr'><strong>condicione</strong></span> <span class='ocrx_word' id='word_1_122' title='bbox 842 1157 908 1191; x_wconf 90' lang='lat' dir='ltr'><strong>que</strong></span> <span class='ocrx_word' id='word_1_123' title='bbox 936 1144 1092 1191; x_wconf 82' lang='lat' dir='ltr'><strong>sequitur</strong></span> <span class='ocrx_word' id='word_1_124' title='bbox 1114 1165 1120 1171; x_wconf 90' lang='lat'><strong>·</strong></span> <span class='ocrx_word' id='word_1_125' title='bbox 1142 1144 1308 1179; x_wconf 84' lang='lat' dir='ltr'><strong>videlicet</strong></span> <span class='ocrx_word' id='word_1_126' title='bbox 1332 1166 1337 1172; x_wconf 92' lang='lat'><em>·</em></span> <span class='ocrx_word' id='word_1_127' title='bbox 1359 1144 1451 1191; x_wconf 94' lang='lat' dir='ltr'><strong>quod</strong></span> <span class='ocrx_word' id='word_1_128' title='bbox 1469 1144 1581 1179; x_wconf 84' lang='lat' dir='ltr'><strong>dictus</strong></span> <span class='ocrx_word' id='word_1_129' title='bbox 1599 1144 1705 1179; x_wconf 91' lang='lat' dir='ltr'><strong>domi-</strong></span> 
     </span>
     <span class='ocr_line' id='line_1_15' title="bbox 242 1205 1705 1252; baseline 0 -13"><span class='ocrx_word' id='word_1_130' title='bbox 242 1218 306 1240; x_wconf 88' lang='lat' dir='ltr'><strong>nus</strong></span> <span class='ocrx_word' id='word_1_131' title='bbox 334 1205 486 1240; x_wconf 83' lang='lat' dir='ltr'><strong>Thomas</strong></span> <span class='ocrx_word' id='word_1_132' title='bbox 514 1205 706 1241; x_wconf 89' lang='lat' dir='ltr'><strong>Marschell</strong></span> <span class='ocrx_word' id='word_1_133' title='bbox 731 1206 875 1240; x_wconf 88' lang='lat' dir='ltr'><strong>habebit</strong></span> <span class='ocrx_word' id='word_1_134' title='bbox 892 1217 993 1240; x_wconf 88' lang='lat' dir='ltr'><strong>vnam</strong></span> <span class='ocrx_word' id='word_1_135' title='bbox 1019 1210 1152 1252; x_wconf 89' lang='lat' dir='ltr'><strong>partem</strong></span> <span class='ocrx_word' id='word_1_136' title='bbox 1181 1205 1263 1240; x_wconf 82' lang='lat' dir='ltr'><strong>dicti</strong></span> <span class='ocrx_word' id='word_1_137' title='bbox 1291 1205 1482 1240; x_wconf 87' lang='lat' dir='ltr'><strong>tenementi</strong></span> <span class='ocrx_word' id='word_1_138' title='bbox 1505 1226 1510 1231; x_wconf 95' lang='lat'>-</span> <span class='ocrx_word' id='word_1_139' title='bbox 1533 1217 1609 1239; x_wconf 88' lang='lat' dir='ltr'><strong>cum</strong></span> <span class='ocrx_word' id='word_1_140' title='bbox 1628 1218 1705 1252; x_wconf 88' lang='lat' dir='ltr'><strong>per-</strong></span> 
     </span>
     <span class='ocr_line' id='line_1_16' title="bbox 241 1265 1705 1301; baseline 0.001 -1"><span class='ocrx_word' id='word_1_141' title='bbox 241 1266 431 1300; x_wconf 85' lang='lat' dir='ltr'><strong>tinentibus</strong></span> <span class='ocrx_word' id='word_1_142' title='bbox 454 1286 460 1292; x_wconf 90' lang='lat'><strong>·</strong></span> <span class='ocrx_word' id='word_1_143' title='bbox 482 1265 666 1300; x_wconf 83' lang='lat' dir='ltr'><strong>habentem</strong></span> <span class='ocrx_word' id='word_1_144' title='bbox 686 1266 721 1300; x_wconf 91' lang='lat' dir='ltr'><strong>in</strong></span> <span class='ocrx_word' id='word_1_145' title='bbox 740 1266 924 1301; x_wconf 88' lang='lat' dir='ltr'><strong>latitudine</strong></span> <span class='ocrx_word' id='word_1_146' title='bbox 943 1265 1127 1300; x_wconf 87' lang='lat' dir='ltr'><strong>anterioris</strong></span> <span class='ocrx_word' id='word_1_147' title='bbox 1140 1265 1264 1300; x_wconf 87' lang='lat' dir='ltr'><strong>frontis</strong></span> <span class='ocrx_word' id='word_1_148' title='bbox 1282 1266 1324 1300; x_wconf 88' lang='lat' dir='ltr'><strong>ab</strong></span> <span class='ocrx_word' id='word_1_149' title='bbox 1343 1265 1478 1300; x_wconf 87' lang='lat' dir='ltr'><strong>oriente</strong></span> <span class='ocrx_word' id='word_1_150' title='bbox 1496 1266 1531 1299; x_wconf 91' lang='lat' dir='ltr'><strong>in</strong></span> <span class='ocrx_word' id='word_1_151' title='bbox 1547 1266 1705 1301; x_wconf 91' lang='lat' dir='ltr'><strong>occiden-</strong></span> 
     </span>
     <span class='ocr_line' id='line_1_17' title="bbox 241 1326 1703 1374; baseline -0.001 -12"><span class='ocrx_word' id='word_1_152' title='bbox 241 1333 310 1362; x_wconf 85' lang='lat' dir='ltr'><strong>tem</strong></span> <span class='ocrx_word' id='word_1_153' title='bbox 330 1340 375 1362; x_wconf 78' lang='lat' dir='ltr'><strong>ex</strong></span> <span class='ocrx_word' id='word_1_154' title='bbox 392 1333 490 1374; x_wconf 88' lang='lat' dir='ltr'><strong>parte</strong></span> <span class='ocrx_word' id='word_1_155' title='bbox 510 1327 632 1362; x_wconf 84' lang='lat' dir='ltr'><strong>boriali</strong></span> <span class='ocrx_word' id='word_1_156' title='bbox 652 1327 805 1362; x_wconf 87' lang='lat' dir='ltr'><strong>eiusdem</strong></span> <span class='ocrx_word' id='word_1_157' title='bbox 825 1339 948 1362; x_wconf 88' lang='lat' dir='ltr'><strong>versus</strong></span> <span class='ocrx_word' id='word_1_158' title='bbox 972 1339 1080 1361; x_wconf 85' lang='lat' dir='ltr'><strong>nouas</strong></span> <span class='ocrx_word' id='word_1_159' title='bbox 1106 1332 1224 1373; x_wconf 81' lang='lat' dir='ltr'><strong>portas</strong></span> <span class='ocrx_word' id='word_1_160' title='bbox 1243 1326 1464 1374; x_wconf 79' lang='lat' dir='ltr'><strong>septuaginta</strong></span> <span class='ocrx_word' id='word_1_161' title='bbox 1481 1326 1589 1373; x_wconf 87' lang='lat' dir='ltr'><strong>pedes</strong></span> <span class='ocrx_word' id='word_1_162' title='bbox 1608 1332 1644 1361; x_wconf 90' lang='lat' dir='ltr'><strong>et</strong></span> <span class='ocrx_word' id='word_1_163' title='bbox 1670 1326 1703 1361; x_wconf 90' lang='lat' dir='ltr'><strong>in</strong></span> 
     </span>
     <span class='ocr_line' id='line_1_18' title="bbox 239 1387 1704 1435; baseline -0.001 -13"><span class='ocrx_word' id='word_1_164' title='bbox 239 1388 456 1435; x_wconf 81' lang='lat' dir='ltr'><strong>longitudine</strong></span> <span class='ocrx_word' id='word_1_165' title='bbox 471 1401 491 1422; x_wconf 88' lang='lat' dir='ltr'><strong>a</strong></span> <span class='ocrx_word' id='word_1_166' title='bbox 504 1393 602 1434; x_wconf 85' lang='lat' dir='ltr'><strong>parte</strong></span> <span class='ocrx_word' id='word_1_167' title='bbox 617 1387 802 1434; x_wconf 85' lang='lat' dir='ltr'><strong>posteriori</strong></span> <span class='ocrx_word' id='word_1_168' title='bbox 817 1400 939 1422; x_wconf 87' lang='lat' dir='ltr'><strong>versus</strong></span> <span class='ocrx_word' id='word_1_169' title='bbox 958 1393 1112 1422; x_wconf 83' lang='lat' dir='ltr'><strong>austrum</strong></span> <span class='ocrx_word' id='word_1_170' title='bbox 1131 1387 1382 1434; x_wconf 80' lang='lat' dir='ltr'><strong>quinquaginta</strong></span> <span class='ocrx_word' id='word_1_171' title='bbox 1400 1387 1551 1434; x_wconf 89' lang='lat' dir='ltr'><strong>quinque</strong></span> <span class='ocrx_word' id='word_1_172' title='bbox 1566 1387 1674 1435; x_wconf 90' lang='lat' dir='ltr'><strong>pedes</strong></span> <span class='ocrx_word' id='word_1_173' title='bbox 1697 1407 1704 1414; x_wconf 92' lang='lat'><strong>·</strong></span> 
     </span>
     <span class='ocr_line' id='line_1_19' title="bbox 240 1449 1703 1495; baseline -0.001 -11"><span class='ocrx_word' id='word_1_174' title='bbox 240 1449 332 1484; x_wconf 86' lang='lat' dir='ltr'><strong>Acta</strong></span> <span class='ocrx_word' id='word_1_175' title='bbox 347 1455 427 1484; x_wconf 91' lang='lat' dir='ltr'><strong>sunt</strong></span> <span class='ocrx_word' id='word_1_176' title='bbox 443 1449 508 1484; x_wconf 89' lang='lat' dir='ltr'><strong>hec</strong></span> <span class='ocrx_word' id='word_1_177' title='bbox 523 1449 557 1483; x_wconf 90' lang='lat' dir='ltr'><strong>in</strong></span> <span class='ocrx_word' id='word_1_178' title='bbox 573 1449 713 1484; x_wconf 85' lang='lat' dir='ltr'><strong>ciuitate</strong></span> <span class='ocrx_word' id='word_1_179' title='bbox 732 1449 946 1495; x_wconf 83' lang='lat' dir='ltr'><strong>Glasguensi</strong></span> <span class='ocrx_word' id='word_1_180' title='bbox 972 1449 1007 1482; x_wconf 92' lang='lat' dir='ltr'><strong>in</strong></span> <span class='ocrx_word' id='word_1_181' title='bbox 1026 1449 1128 1483; x_wconf 88' lang='lat' dir='ltr'><strong>domo</strong></span> <span class='ocrx_word' id='word_1_182' title='bbox 1143 1449 1360 1495; x_wconf 86' lang='lat' dir='ltr'><strong>precentoris</strong></span> <span class='ocrx_word' id='word_1_183' title='bbox 1382 1449 1529 1483; x_wconf 85' lang='lat' dir='ltr'><strong>ecclesie</strong></span> <span class='ocrx_word' id='word_1_184' title='bbox 1549 1449 1703 1484; x_wconf 87' lang='lat' dir='ltr'><strong>eiusdem</strong></span> 
     </span>
     <span class='ocr_line' id='line_1_20' title="bbox 239 1509 1703 1557; baseline -0.001 -13"><span class='ocrx_word' id='word_1_185' title='bbox 239 1510 272 1544; x_wconf 87' lang='lat' dir='ltr'><strong>iu</strong></span> <span class='ocrx_word' id='word_1_186' title='bbox 302 1523 438 1545; x_wconf 89' lang='lat' dir='ltr'><strong>camera</strong></span> <span class='ocrx_word' id='word_1_187' title='bbox 464 1523 525 1545; x_wconf 84' lang='lat' dir='ltr'><strong>sua</strong></span> <span class='ocrx_word' id='word_1_188' title='bbox 540 1519 549 1546; x_wconf 91' lang='grc' dir='ltr'><em>Ι</em></span> <span class='ocrx_word' id='word_1_189' title='bbox 565 1510 787 1557; x_wconf 84' lang='lat' dir='ltr'><strong>presentibus</strong></span> <span class='ocrx_word' id='word_1_190' title='bbox 814 1509 1072 1544; x_wconf 87' lang='lat' dir='ltr'><strong>venerabilibus</strong></span> <span class='ocrx_word' id='word_1_191' title='bbox 1091 1509 1174 1543; x_wconf 87' lang='lat' dir='ltr'><strong>viris</strong></span> <span class='ocrx_word' id='word_1_192' title='bbox 1199 1509 1361 1544; x_wconf 85' lang='lat' dir='ltr'><strong>Johanne</strong></span> <span class='ocrx_word' id='word_1_193' title='bbox 1380 1509 1423 1543; x_wconf 92' lang='lat' dir='ltr'><strong>de</strong></span> <span class='ocrx_word' id='word_1_194' title='bbox 1447 1509 1607 1556; x_wconf 84' lang='lat' dir='ltr'><strong>Hawyke</strong></span> <span class='ocrx_word' id='word_1_195' title='bbox 1626 1522 1703 1556; x_wconf 88' lang='lat' dir='ltr'><strong>pre-</strong></span> 
     </span>
     <span class='ocr_line' id='line_1_21' title="bbox 239 1568 1703 1617; baseline -0.002 -11"><span class='ocrx_word' id='word_1_196' title='bbox 239 1576 382 1606; x_wconf 88' lang='lat' dir='ltr'><strong>centore</strong></span> <span class='ocrx_word' id='word_1_197' title='bbox 401 1571 492 1606; x_wconf 85' lang='lat' dir='ltr'><strong>dicte</strong></span> <span class='ocrx_word' id='word_1_198' title='bbox 512 1571 660 1606; x_wconf 88' lang='lat' dir='ltr'><strong>ecclesie</strong></span> <span class='ocrx_word' id='word_1_199' title='bbox 683 1570 916 1617; x_wconf 80' lang='lat' dir='ltr'><strong>Glasguensis</strong></span> <span class='ocrx_word' id='word_1_200' title='bbox 939 1591 945 1596; x_wconf 95' lang='lat'>·</span> <span class='ocrx_word' id='word_1_201' title='bbox 969 1569 1086 1604; x_wconf 83' lang='lat' dir='ltr'><strong>Alano</strong></span> <span class='ocrx_word' id='word_1_202' title='bbox 1113 1568 1156 1604; x_wconf 87' lang='lat' dir='ltr'><strong>de</strong></span> <span class='ocrx_word' id='word_1_203' title='bbox 1186 1570 1368 1617; x_wconf 85' lang='lat' dir='ltr'><strong>Otyrburn</strong></span> <span class='ocrx_word' id='word_1_204' title='bbox 1398 1569 1524 1604; x_wconf 88' lang='lat' dir='ltr'><strong>clerico</strong></span> <span class='ocrx_word' id='word_1_205' title='bbox 1541 1578 1550 1606; x_wconf 90' lang='grc' dir='ltr'><em>Ι</em></span> <span class='ocrx_word' id='word_1_206' title='bbox 1567 1576 1602 1604; x_wconf 91' lang='lat' dir='ltr'><strong>et</strong></span> <span class='ocrx_word' id='word_1_207' title='bbox 1633 1570 1703 1604; x_wconf 90' lang='lat' dir='ltr'><strong>Ro-</strong></span> 
     </span>
     <span class='ocr_line' id='line_1_22' title="bbox 239 1629 1701 1679; baseline -0.001 -13"><span class='ocrx_word' id='word_1_208' title='bbox 239 1632 339 1667; x_wconf 86' lang='lat' dir='ltr'><strong>berto</strong></span> <span class='ocrx_word' id='word_1_209' title='bbox 359 1631 508 1679; x_wconf 78' lang='lat' dir='ltr'><strong>VVrycht</strong></span> <span class='ocrx_word' id='word_1_210' title='bbox 534 1632 621 1667; x_wconf 89' lang='lat' dir='ltr'><strong>laico</strong></span> <span class='ocrx_word' id='word_1_211' title='bbox 643 1631 875 1676; x_wconf 81' lang='lat' dir='ltr'><strong>Glasguensis</strong></span> <span class='ocrx_word' id='word_1_212' title='bbox 903 1630 1050 1666; x_wconf 88' lang='lat' dir='ltr'><strong>diocesis</strong></span> <span class='ocrx_word' id='word_1_213' title='bbox 1077 1630 1224 1666; x_wconf 80' lang='lat' dir='ltr'><strong>testibus</strong></span> <span class='ocrx_word' id='word_1_214' title='bbox 1246 1651 1252 1657; x_wconf 90' lang='lat'><strong>·</strong></span> <span class='ocrx_word' id='word_1_215' title='bbox 1274 1630 1435 1666; x_wconf 87' lang='lat' dir='ltr'><strong>Johanne</strong></span> <span class='ocrx_word' id='word_1_216' title='bbox 1466 1630 1509 1665; x_wconf 90' lang='lat' dir='ltr'><strong>de</strong></span> <span class='ocrx_word' id='word_1_217' title='bbox 1542 1629 1701 1677; x_wconf 87' lang='lat' dir='ltr'><strong>Hawyke</strong></span> 
     </span>
     <span class='ocr_line' id='line_1_23' title="bbox 239 1691 1204 1740; baseline -0.002 -13"><span class='ocrx_word' id='word_1_218' title='bbox 239 1693 447 1740; x_wconf 85' lang='lat' dir='ltr'><strong>presbytero</strong></span> <span class='ocrx_word' id='word_1_219' title='bbox 469 1692 701 1739; x_wconf 84' lang='lat' dir='ltr'><strong>Glasguensis</strong></span> <span class='ocrx_word' id='word_1_220' title='bbox 720 1692 868 1727; x_wconf 89' lang='lat' dir='ltr'><strong>diocesis</strong></span> <span class='ocrx_word' id='word_1_221' title='bbox 886 1692 1020 1726; x_wconf 86' lang='lat' dir='ltr'><strong>notario</strong></span> <span class='ocrx_word' id='word_1_222' title='bbox 1039 1691 1176 1738; x_wconf 91' lang='lat' dir='ltr'><strong>publico</strong></span> <span class='ocrx_word' id='word_1_223' title='bbox 1199 1712 1204 1717; x_wconf 92' lang='lat'>·</span> 
     </span>
    </p>
   </div>
   <div class='ocr_carea' id='block_1_6' title="bbox 241 1873 1700 1972">
    <p class='ocr_par' dir='ltr' id='par_1_6' title="bbox 241 1873 1700 1972">
     <span class='ocr_line' id='line_1_24' title="bbox 242 1873 1700 1924; baseline -0.003 -12"><span class='ocrx_word' id='word_1_224' title='bbox 242 1877 439 1913; x_wconf 83' lang='lat' dir='ltr'><strong>Concordia</strong></span> <span class='ocrx_word' id='word_1_225' title='bbox 473 1889 577 1924; x_wconf 87' lang='lat' dir='ltr'><strong>super</strong></span> <span class='ocrx_word' id='word_1_226' title='bbox 613 1876 790 1911; x_wconf 86' lang='lat' dir='ltr'><strong>mansione</strong></span> <span class='ocrx_word' id='word_1_227' title='bbox 835 1875 962 1910; x_wconf 89' lang='lat' dir='ltr'><strong>domini</strong></span> <span class='ocrx_word' id='word_1_228' title='bbox 1001 1875 1171 1911; x_wconf 81' lang='lat' dir='ltr'><strong>Johannis</strong></span> <span class='ocrx_word' id='word_1_229' title='bbox 1206 1875 1249 1909; x_wconf 92' lang='lat' dir='ltr'><strong>de</strong></span> <span class='ocrx_word' id='word_1_230' title='bbox 1293 1874 1442 1920; x_wconf 83' lang='lat' dir='ltr'><strong>Dalgles</strong></span> <span class='ocrx_word' id='word_1_231' title='bbox 1476 1874 1510 1908; x_wconf 91' lang='lat' dir='ltr'><strong>in</strong></span> <span class='ocrx_word' id='word_1_232' title='bbox 1546 1873 1622 1908; x_wconf 88' lang='lat' dir='ltr'><strong>vico</strong></span> <span class='ocrx_word' id='word_1_233' title='bbox 1657 1874 1700 1908; x_wconf 91' lang='lat' dir='ltr'><strong>de</strong></span> 
     </span>
     <span class='ocr_line' id='line_1_25' title="bbox 241 1938 487 1972; baseline -0.004 0"><span class='ocrx_word' id='word_1_234' title='bbox 241 1938 459 1972; x_wconf 85' lang='lat' dir='ltr'><strong>Ratownraw</strong></span> <span class='ocrx_word' id='word_1_235' title='bbox 481 1958 487 1964; x_wconf 89' lang='lat'><strong>·</strong></span> 
     </span>
    </p>
   </div>
   <div class='ocr_carea' id='block_1_7' title="bbox 241 2030 1702 2411">
    <p class='ocr_par' dir='ltr' id='par_1_7' title="bbox 241 2030 1702 2411">
     <span class='ocr_line' id='line_1_26' title="bbox 242 2030 1700 2107; baseline -0.002 -13"><span class='ocrx_word' id='word_1_236' title='bbox 242 2030 296 2095; x_wconf 72' lang='lat' dir='ltr'><strong>In</strong></span> <span class='ocrx_word' id='word_1_237' title='bbox 316 2061 387 2095; x_wconf 90' lang='lat' dir='ltr'><strong>Dei</strong></span> <span class='ocrx_word' id='word_1_238' title='bbox 406 2061 544 2095; x_wconf 86' lang='lat' dir='ltr'><strong>nomine</strong></span> <span class='ocrx_word' id='word_1_239' title='bbox 561 2061 675 2096; x_wconf 90' lang='lat' dir='ltr'><strong>Amen</strong></span> <span class='ocrx_word' id='word_1_240' title='bbox 698 2083 704 2089; x_wconf 91' lang='lat'><strong>·</strong></span> <span class='ocrx_word' id='word_1_241' title='bbox 729 2062 796 2096; x_wconf 83' lang='lat' dir='ltr'><strong>Per</strong></span> <span class='ocrx_word' id='word_1_242' title='bbox 814 2061 879 2096; x_wconf 91' lang='grc'>1100</span> <span class='ocrx_word' id='word_1_243' title='bbox 897 2061 1163 2096; x_wconf 87' lang='lat' dir='ltr'><strong>instrumentum</strong></span> <span class='ocrx_word' id='word_1_244' title='bbox 1185 2081 1191 2087; x_wconf 93' lang='lat'>·</span> <span class='ocrx_word' id='word_1_245' title='bbox 1213 2066 1330 2107; x_wconf 87' lang='lat' dir='ltr'><strong>pateat</strong></span> <span class='ocrx_word' id='word_1_246' title='bbox 1350 2081 1356 2087; x_wconf 89' lang='lat'><strong>·</strong></span> <span class='ocrx_word' id='word_1_247' title='bbox 1380 2059 1473 2106; x_wconf 91' lang='lat' dir='ltr'><strong>quod</strong></span> <span class='ocrx_word' id='word_1_248' title='bbox 1486 2070 1577 2093; x_wconf 88' lang='lat' dir='ltr'><strong>anno</strong></span> <span class='ocrx_word' id='word_1_249' title='bbox 1594 2058 1636 2092; x_wconf 89' lang='lat' dir='ltr'><strong>ab</strong></span> <span class='ocrx_word' id='word_1_250' title='bbox 1651 2057 1700 2092; x_wconf 76' lang='lat' dir='ltr'><strong>in-</strong></span> 
     </span>
     <span class='ocr_line' id='line_1_27' title="bbox 242 2118 1702 2168; baseline -0.001 -14"><span class='ocrx_word' id='word_1_251' title='bbox 242 2121 446 2156; x_wconf 87' lang='lat' dir='ltr'><strong>carnacione</strong></span> <span class='ocrx_word' id='word_1_252' title='bbox 462 2122 603 2168; x_wconf 85' lang='lat' dir='ltr'><strong>Dominj</strong></span> <span class='ocrx_word' id='word_1_253' title='bbox 620 2122 800 2157; x_wconf 84' lang='lat' dir='ltr'><strong>millesimo</strong></span> <span class='ocrx_word' id='word_1_254' title='bbox 828 2126 944 2157; x_wconf 78' lang='grc' dir='ltr'><strong>000οωο</strong></span> <span class='ocrx_word' id='word_1_255' title='bbox 960 2143 966 2149; x_wconf 89' lang='grc'>-</span> <span class='ocrx_word' id='word_1_256' title='bbox 982 2121 1052 2168; x_wconf 81' lang='lat' dir='ltr'><strong>xvij</strong></span> <span class='ocrx_word' id='word_1_257' title='bbox 1076 2143 1082 2149; x_wconf 91' lang='lat'><strong>·</strong></span> <span class='ocrx_word' id='word_1_258' title='bbox 1105 2122 1161 2156; x_wconf 89' lang='lat' dir='ltr'><strong>die</strong></span> <span class='ocrx_word' id='word_1_259' title='bbox 1176 2134 1260 2156; x_wconf 87' lang='lat' dir='ltr'><strong>vero</strong></span> <span class='ocrx_word' id='word_1_260' title='bbox 1286 2121 1323 2155; x_wconf 83' lang='lat' dir='ltr'><strong>ix</strong></span> <span class='ocrx_word' id='word_1_261' title='bbox 1348 2120 1476 2155; x_wconf 90' lang='lat' dir='ltr'><strong>mensis</strong></span> <span class='ocrx_word' id='word_1_262' title='bbox 1490 2118 1670 2165; x_wconf 87' lang='lat' dir='ltr'><strong>Februarij</strong></span> <span class='ocrx_word' id='word_1_263' title='bbox 1694 2136 1702 2144; x_wconf 92' lang='lat'><strong>·</strong></span> 
     </span>
     <span class='ocr_line' id='line_1_28' title="bbox 244 2180 1700 2229; baseline -0.001 -14"><span class='ocrx_word' id='word_1_264' title='bbox 244 2181 284 2215; x_wconf 93' lang='lat' dir='ltr'><strong>In</strong></span> <span class='ocrx_word' id='word_1_265' title='bbox 303 2182 370 2216; x_wconf 89' lang='lat' dir='ltr'><strong>mei</strong></span> <span class='ocrx_word' id='word_1_266' title='bbox 389 2182 511 2228; x_wconf 84' lang='lat' dir='ltr'><strong>notarij</strong></span> <span class='ocrx_word' id='word_1_267' title='bbox 531 2182 659 2228; x_wconf 83' lang='lat' dir='ltr'><strong>publici</strong></span> <span class='ocrx_word' id='word_1_268' title='bbox 679 2189 714 2217; x_wconf 86' lang='lat' dir='ltr'><strong>et</strong></span> <span class='ocrx_word' id='word_1_269' title='bbox 732 2183 871 2218; x_wconf 88' lang='lat' dir='ltr'><strong>testium</strong></span> <span class='ocrx_word' id='word_1_270' title='bbox 901 2182 1172 2229; x_wconf 88' lang='lat' dir='ltr'><strong>subscriptorum</strong></span> <span class='ocrx_word' id='word_1_271' title='bbox 1195 2203 1201 2209; x_wconf 92' lang='lat'>·</span> <span class='ocrx_word' id='word_1_272' title='bbox 1223 2181 1406 2229; x_wconf 85' lang='lat' dir='ltr'><strong>presencia</strong></span> <span class='ocrx_word' id='word_1_273' title='bbox 1426 2201 1433 2207; x_wconf 93' lang='lat'><strong>·</strong></span> <span class='ocrx_word' id='word_1_274' title='bbox 1455 2180 1700 2215; x_wconf 85' lang='lat' dir='ltr'><strong>concordatum</strong></span> 
     </span>
     <span class='ocr_line' id='line_1_29' title="bbox 241 2240 1700 2287; baseline -0.001 -12"><span class='ocrx_word' id='word_1_275' title='bbox 241 2242 306 2276; x_wconf 88' lang='lat' dir='ltr'><strong>fuit</strong></span> <span class='ocrx_word' id='word_1_276' title='bbox 325 2242 414 2276; x_wconf 85' lang='lat' dir='ltr'><strong>inter</strong></span> <span class='ocrx_word' id='word_1_277' title='bbox 433 2242 601 2277; x_wconf 87' lang='lat' dir='ltr'><strong>discretos</strong></span> <span class='ocrx_word' id='word_1_278' title='bbox 619 2243 712 2277; x_wconf 86' lang='lat' dir='ltr'><strong>viros</strong></span> <span class='ocrx_word' id='word_1_279' title='bbox 731 2249 766 2278; x_wconf 89' lang='lat' dir='ltr'><strong>et</strong></span> <span class='ocrx_word' id='word_1_280' title='bbox 789 2243 945 2278; x_wconf 88' lang='lat' dir='ltr'><strong>dominos</strong></span> <span class='ocrx_word' id='word_1_281' title='bbox 972 2243 1147 2277; x_wconf 91' lang='lat' dir='ltr'><strong>dominum</strong></span> <span class='ocrx_word' id='word_1_282' title='bbox 1172 2242 1368 2279; x_wconf 87' lang='lat' dir='ltr'><strong>Johannem</strong></span> <span class='ocrx_word' id='word_1_283' title='bbox 1395 2241 1438 2275; x_wconf 89' lang='lat' dir='ltr'><strong>de</strong></span> <span class='ocrx_word' id='word_1_284' title='bbox 1465 2240 1613 2287; x_wconf 86' lang='lat' dir='ltr'><strong>Dalgles</strong></span> <span class='ocrx_word' id='word_1_285' title='bbox 1636 2260 1641 2266; x_wconf 95' lang='lat'>·</span> <span class='ocrx_word' id='word_1_286' title='bbox 1665 2245 1700 2274; x_wconf 92' lang='lat' dir='ltr'><strong>et</strong></span> 
     </span>
     <span class='ocr_line' id='line_1_30' title="bbox 242 2300 1698 2350; baseline -0.002 -14"><span class='ocrx_word' id='word_1_287' title='bbox 242 2303 415 2337; x_wconf 87' lang='lat' dir='ltr'><strong>dominum</strong></span> <span class='ocrx_word' id='word_1_288' title='bbox 438 2302 615 2349; x_wconf 75' lang='lat' dir='ltr'><strong>Rogerum</strong></span> <span class='ocrx_word' id='word_1_289' title='bbox 645 2303 767 2338; x_wconf 85' lang='lat' dir='ltr'><strong>Schort</strong></span> <span class='ocrx_word' id='word_1_290' title='bbox 792 2304 1018 2350; x_wconf 83' lang='lat' dir='ltr'><strong>presbyteros</strong></span> <span class='ocrx_word' id='word_1_291' title='bbox 1040 2324 1047 2330; x_wconf 90' lang='lat'><strong>·</strong></span> <span class='ocrx_word' id='word_1_292' title='bbox 1069 2316 1108 2338; x_wconf 86' lang='lat' dir='ltr'><strong>ac</strong></span> <span class='ocrx_word' id='word_1_293' title='bbox 1124 2303 1320 2339; x_wconf 87' lang='lat' dir='ltr'><strong>Johannem</strong></span> <span class='ocrx_word' id='word_1_294' title='bbox 1339 2302 1458 2336; x_wconf 90' lang='lat' dir='ltr'><strong>Brovn</strong></span> <span class='ocrx_word' id='word_1_295' title='bbox 1480 2321 1486 2327; x_wconf 94' lang='lat'><em>-</em></span> <span class='ocrx_word' id='word_1_296' title='bbox 1509 2300 1669 2335; x_wconf 85' lang='lat' dir='ltr'><strong>clericum</strong></span> <span class='ocrx_word' id='word_1_297' title='bbox 1692 2319 1698 2326; x_wconf 91' lang='lat'><strong>·</strong></span> 
     </span>
     <span class='ocr_line' id='line_1_31' title="bbox 242 2361 1697 2411; baseline -0.003 -13"><span class='ocrx_word' id='word_1_298' title='bbox 242 2364 333 2411; x_wconf 92' lang='lat' dir='ltr'><strong>quod</strong></span> <span class='ocrx_word' id='word_1_299' title='bbox 352 2363 464 2398; x_wconf 86' lang='lat' dir='ltr'><strong>dictus</strong></span> <span class='ocrx_word' id='word_1_300' title='bbox 491 2364 648 2398; x_wconf 90' lang='lat' dir='ltr'><strong>dominus</strong></span> <span class='ocrx_word' id='word_1_301' title='bbox 678 2364 840 2411; x_wconf 83' lang='lat' dir='ltr'><strong>Rogerus</strong></span> <span class='ocrx_word' id='word_1_302' title='bbox 866 2364 1007 2399; x_wconf 83' lang='lat' dir='ltr'><strong>habebit</strong></span> <span class='ocrx_word' id='word_1_303' title='bbox 1033 2364 1066 2398; x_wconf 89' lang='lat' dir='ltr'><strong>in</strong></span> <span class='ocrx_word' id='word_1_304' title='bbox 1087 2364 1226 2399; x_wconf 87' lang='lat' dir='ltr'><strong>ciuitate</strong></span> <span class='ocrx_word' id='word_1_305' title='bbox 1248 2362 1461 2409; x_wconf 85' lang='lat' dir='ltr'><strong>Glasguensi</strong></span> <span class='ocrx_word' id='word_1_306' title='bbox 1486 2361 1697 2396; x_wconf 88' lang='lat' dir='ltr'><strong>mansionem</strong></span> 
     </span>
    </p>
   </div>
  </div>
 </body>
</html>
