1922 2764
136 1962 195 1996 36.

248 261 314 293 180
658 256 988 292 MUNIMENTA
1020 257 1280 292 FRATRUM

246 369 452 415 Episcopum
469 367 720 414 Ergadiensem
735 380 798 414 pro
811 367 1005 402 huiusmodi
1020 367 1118 414 copia
1134 372 1169 400 et
1188 372 1423 413 transsumpto
1440 366 1608 401 habendis
1628 381 1705 415 pre-

242 436 376 464 sentate
395 429 428 463 in
448 429 586 463 testium
615 429 884 475 subscriptorum
913 427 1094 475 presencia
1110 436 1119 463 Ι
1135 439 1225 461 anno
1246 427 1387 461 Domini
1419 427 1598 463 millesimo
1626 441 1705 463 cccc

242 490 526 537 quinquagesimo
546 496 645 524 sexto
678 489 876 524 Incliccione
896 489 942 535 iiij
970 488 1192 535 pontificatus
1220 488 1427 523 sanctissimi
1447 489 1574 536 dominj
1595 490 1704 524 nostri

244 552 365 587 Calisti
384 564 472 599 pape
490 551 588 598 tercij
610 563 700 585 anno
719 551 828 585 tercio
844 559 852 586 Ι
870 562 951 584 sane
970 549 1108 595 integre
1128 554 1163 583 et
1180 548 1214 583 in
1243 549 1337 584 nulla
1356 549 1407 584 sui
1426 556 1524 595 parte
1544 557 1705 597 suspecte

242 620 295 648 set
325 613 415 647 omni
447 625 588 660 prorsus
615 612 703 646 vicio
730 611 879 646 carentis
907 616 942 645 et
961 610 1156 657 suspicione
1178 631 1185 637 ·
1208 610 1363 657 sequitur
1391 611 1424 644 in
1452 611 1517 645 hec
1544 611 1674 646 verba·
1699 633 1703 637 -

243 674 419 708 OMNlssus
439 674 528 708 hanc
545 679 672 708 cartam
692 672 815 706 visuris
835 671 889 706 vel
909 671 1077 706 audituris
1096 671 1280 706 Donaldus
1306 671 1525 706 Maklachlan
1547 672 1705 706 dominus

241 735 284 769 de
314 735 525 769 Ardlachlan
559 734 702 768 salutem
734 733 767 767 in
801 732 953 767 Domino
986 732 1230 779 sempiternam
1279 732 1458 767 Noueritis
1489 745 1543 767 me
1566 733 1645 780 [etc.
1666 739 1705 767 ut

239 808 359 842 supra,
380 807 437 830 no.
453 799 511 829 33.
529 807 642 841 pagg.
663 797 740 835 178,
762 792 855 839 179]
879 815 883 820 ·
909 815 914 819 -
937 794 1220 828 Surimscmr'rn
1237 806 1322 828 vero
1341 800 1435 828 carte
1454 794 1585 841 copiam
1604 795 1704 842 petiit

240 857 416 904 predictus
435 855 650 891 reuerendus
668 855 701 889 in
724 854 804 901 Xpo
823 860 921 901 pater
940 861 975 889 et
993 854 1151 888 dominus
1173 854 1362 900 Georgeus
1379 854 1449 889 Dei
1468 855 1585 901 gracia
1604 855 1704 902 Epis-

241 931 346 965 copus
367 917 592 964 Ergadiensis
619 916 813 950 antedictus
841 929 860 950 a
878 928 930 949 me
959 915 1093 950 notario
1120 915 1258 962 publico
1286 915 1349 949 sibi
1369 915 1445 949 fieri
1475 916 1537 950 sub
1566 916 1704 963 publico

240 980 470 1014 instrumento
488 978 530 1012 ad
558 977 693 1011 modum
722 977 992 1023 suprascriptum
1016 998 1021 1003 -
1047 977 1137 1011 Acta
1157 982 1257 1011 erant
1282 977 1347 1011 hec
1365 976 1456 1024 apud
1487 977 1649 1012 Renfrew
1670 978 1703 1011 in

240 1041 340 1075 domo
355 1039 579 1074 habitacionis
595 1038 722 1072 domini
740 1038 904 1072 Willelmi
920 1038 1061 1072 Broune
1077 1037 1245 1084 capellani
1260 1038 1418 1084 perpetui
1436 1038 1552 1072 Sancti
1568 1037 1703 1073 Thome

241 1101 397 1136 Martiiis
416 1113 505 1135 anno
523 1099 651 1134 mensis
678 1099 733 1133 die
762 1098 961 1133 Indiccione
981 1097 1205 1146 [pontifica]tu
1233 1099 1434 1146 prescriptis
1451 1108 1460 1135 Ι
1479 1099 1704 1134 Presentibus

240 1162 367 1196 ibidem
395 1161 653 1196 honorabilibus
672 1160 755 1194 viris
782 1159 946 1206 magistro
964 1160 1124 1196 ,Iohanne
1146 1160 1304 1195 Cambell
1332 1165 1469 1194 rectore
1489 1160 1532 1194 de
1557 1160 1703 1194 Kilmar—

242 1230 303 1269 tyn
340 1223 462 1257 Fratre
493 1221 653 1258 Johanne
685 1221 728 1256 de
763 1221 911 1256 Govane
948 1220 1068 1255 Priore
1104 1221 1147 1255 de
1182 1220 1319 1268 Glasgu
1355 1220 1493 1255 domino
1529 1220 1704 1256 Willelmo

244 1284 425 1330 Bykatone
452 1283 581 1317 vicario
607 1283 650 1317 de
679 1282 875 1328 Locligoyll
907 1282 1071 1329 magistro
1092 1281 1240 1317 Nicolao
1262 1281 1367 1328 Bully
1386 1287 1421 1317 et
1452 1281 1590 1316 domino
1619 1282 1704 1316 wil--

243 1344 345 1379 lelmo
366 1345 506 1378 Broune
527 1343 714 1390 capellanis
750 1343 898 1378 Patricio
918 1343 961 1377 de
983 1342 1078 1389 Crag
1097 1349 1132 1378 et
1153 1342 1265 1378 Adam
1286 1342 1390 1390 Thyn
1412 1355 1487 1378 cum
1506 1343 1581 1389 alijs
1601 1343 1704 1390 varijs

241 1406 388 1440 testibus
407 1406 449 1439 ad
467 1405 635 1452 premissa
654 1404 829 1451 requisitis

340 1527 385 1561 Et
405 1539 471 1573 ego
489 1527 640 1563 ,Iacobus
660 1526 851 1561 Lermonth
870 1526 1018 1560 vicarius
1037 1526 1080 1560 de
1108 1526 1271 1560 Renfrew
1295 1526 1526 1572 Glasguensis
1545 1526 1704 1572 dyocesis

339 1588 496 1635 publicus
514 1588 718 1623 auctoritate
738 1587 912 1634 Imperiali
930 1587 1084 1622 notarius
1107 1587 1183 1634 [etc.
1204 1588 1242 1621 in
1257 1588 1385 1632 forma
1403 1585 1610 1632 communi]

243 1772 514 1806 Instrumentum
551 1770 655 1805 annui
690 1769 846 1804 redditus
877 1769 996 1804 decem
1033 1769 1218 1804 solidorum
1255 1769 1298 1803 de
1334 1775 1536 1803 tenemento
1568 1768 1702 1803 Thome

246 1833 342 1868 Kerd

247 1926 315 1991 IN
348 1957 437 1991 DEI
469 1954 678 1991 NOMINE
723 1956 838 1990 ΑΜΕΝ
863 1977 868 1981 -
893 1955 960 1990 Per
988 1954 1053 1989 hoc
1081 1954 1345 1988 instrumentum
1376 1959 1494 2001 pateat
1522 1954 1704 1988 euidenter

246 2018 336 2064 quod
367 2029 457 2051 anno
487 2017 529 2051 ab
559 2016 800 2051 incarnacione
834 2016 974 2050 Domini
1006 2020 1051 2049 m⁰
1078 2037 1082 2042 ·
1106 2020 1220 2050 ccccm
1247 2037 1252 2041 -
1279 2015 1504 2062 Sexagesimo
1537 2014 1702 2049 Octauo·

245 2077 372 2111 mensis
390 2090 473 2111 vero
495 2077 627 2124 Aprilis
646 2077 702 2111 (lie
722 2077 883 2111 vicesima
905 2097 910 2102 -
935 2076 973 2110 In
995 2076 1060 2111 mei
1091 2076 1215 2110 notarii
1243 2075 1370 2122 publici
1398 2082 1433 2109 et
1459 2075 1598 2110 testium
1626 2075 1703 2109 sub-

245 2138 448 2184 scriptorum
481 2138 656 2184 presentia
686 2138 915 2185 personaliter
943 2137 1119 2172 constituti
1148 2136 1368 2171 honorabiles
1403 2142 1439 2171 et
1465 2136 1600 2183 prouidj
1638 2136 1701 2182 virj

245 2198 422 2234 Johannes
444 2198 583 2233 Steuart
606 2199 801 2245 prepositus
829 2198 930 2245 burgi
949 2205 984 2232 et
1002 2198 1151 2233 ciuitatis
1170 2198 1212 2232 de
1235 2198 1371 2243 Glasgu
1397 2197 1576 2233 ,Iohannes
1603 2196 1702 2231 Mak-

246 2260 370 2294 milane
390 2265 425 2293 et
441 2259 618 2295 ,lohannes
641 2260 786 2295 Roberti
813 2260 930 2294 balliui
949 2273 988 2294 ac
1007 2260 1113 2294 eciam
1141 2266 1213 2294 tota
1231 2260 1456 2294 communitas
1475 2259 1566 2293 dicte
1586 2258 1703 2293 ciuita-

246 2321 289 2355 tis
312 2341 317 2346 ·
340 2319 488 2354 vnanimi
517 2332 686 2354 consensu
715 2326 749 2354 et
776 2332 919 2354 assensu
938 2333 1083 2355 vnacum
1112 2333 1279 2367 expresso
1298 2333 1470 2355 consensu
1499 2326 1533 2354 et
1560 2331 1703 2354 assensu
