1922 2764
608 307 649 342 B.
679 307 725 342 V.
754 306 923 341 MARIE
952 306 1020 341 ET
1048 306 1082 341 S.
1114 306 1271 342 ANNE.
1602 314 1668 345 105

213 404 364 450 supremi
383 403 526 438 Domini
552 404 661 438 nostri
682 403 791 451 Regis
817 405 913 451 prius
932 404 1082 451 desuper
1101 404 1307 439 directarum
1334 417 1397 452 per
1423 407 1561 441 assisam
1589 420 1668 442 con-

213 464 351 510 dignam
379 464 609 498 mediantibus
628 477 746 499 eorum
769 464 973 511 juramentis
992 477 1105 499 coram
1125 464 1226 499 etiam
1250 477 1304 498 me
1323 465 1455 499 notario
1474 466 1668 514 infrascrip-

213 530 247 557 to
264 532 273 559 l
289 523 436 570 qualiter
451 530 486 558 et
504 525 674 570 quomodo
688 531 924 559 tenementum
943 525 1095 560 anterius
1115 530 1150 559 et
1167 524 1340 572 posterius
1359 525 1506 572 Georgii
1523 526 1668 574 Clemey

213 583 298 618 ciuis
320 584 551 631 Glasguensis
571 584 731 619 situatum
750 585 839 619 infra
856 585 1031 620 ciuitatem
1053 585 1310 631 Glasguensem
1329 597 1374 620 ex
1393 585 1552 620 orientali
1571 593 1667 633 parte

212 644 399 678 communis
418 644 484 679 vici
504 645 657 679 eiusdem
676 645 852 680 tendentis
871 658 890 680 a
909 645 1023 680 Cruce
1042 645 1159 680 Forali
1184 658 1292 692 vsque
1319 645 1360 680 ad
1391 645 1535 681 Pontem
1556 647 1668 682 Clude

187 736 194 742 .
210 705 301 740 inter
327 710 562 740 tenementum
584 706 731 740 Roberti
752 706 889 753 Smytht
907 718 951 740 ex
969 706 1100 740 boreali
1119 712 1154 740 et
1171 706 1340 752 quondam
1361 706 1478 740 Dauid
1499 708 1667 753 Symsone

212 778 256 800 ex
275 766 414 800 australi
441 766 594 812 partibus
611 775 619 802 Ι
636 772 710 801 erat
727 767 822 813 prius
841 767 1073 813 appreciatum
1098 767 1132 800 in
1157 766 1412 801 annuoredditu
1439 767 1540 801 trium
1568 768 1668 802 libra-

212 839 287 860 rum
314 833 350 861 et
375 827 495 861 decem
523 826 708 860 solidorum
736 827 999 862 annuiredditus
1027 827 1158 862 astricti
1188 827 1322 874 prefato
1349 827 1514 874 magistro
1537 828 1669 863 Jacobo

211 887 245 920 in
264 887 449 934 presentiis
468 887 658 921 eorundem
676 887 797 933 vigore
818 888 1086 934 preseriptarum
1111 887 1301 922 litterarum
1328 888 1502 922 annuatim
1529 888 1668 923 leuandi

212 947 254 981 de
270 947 434 994 predictis
449 947 657 982 tenementis
676 947 739 981 sibi
760 948 923 994 magistro
940 948 1072 984 Jacobo
1087 954 1122 983 et
1135 948 1200 982 hoe
1218 961 1281 995 pro
1300 961 1431 983 summa
1449 950 1670 996 septuaginta

211 1007 373 1042 librarum
401 1008 528 1043 vsualis
551 1013 689 1042 monete
716 1008 819 1054 regni
849 1008 968 1043 Scocie
985 1009 1043 1045 lin
1073 1021 1138 1055 qua
1165 1021 1295 1043 summa
1321 1009 1395 1055 ipse
1419 1008 1596 1056 Georgius
1624 1022 1668 1044 ex

211 1081 272 1102 sua
297 1069 436 1115 propria
462 1068 678 1103 confessione
705 1068 864 1103 actitatus
884 1075 958 1103 erat
976 1069 1040 1103 sibi
1067 1069 1231 1115 magistro
1249 1069 1381 1105 Jacobo
1399 1082 1512 1104 coram
1531 1070 1667 1105 balliuis

211 1128 359 1163 ciuitatis
390 1128 621 1174 Glasguensis
648 1128 727 1175 quia
753 1129 935 1164 deficiebat
965 1130 1055 1164 idem
1086 1129 1263 1176 Georgius
1290 1130 1325 1164 in
1356 1130 1455 1164 bonis
1485 1131 1668 1166 mobilibus

210 1201 319 1236 penes
338 1189 543 1224 solutionem
563 1189 654 1224 dicte
674 1201 803 1224 summe
822 1196 924 1236 prout
942 1190 976 1224 in
995 1190 1120 1225 litteris
1139 1197 1174 1225 et
1191 1203 1356 1238 processu
1375 1191 1525 1238 desuper
1543 1191 1667 1226 habitis

213 1255 249 1284 et
266 1250 424 1285 deductis
442 1256 584 1284 cauetur
606 1270 612 1276 -
635 1249 770 1284 Idcirco
787 1250 963 1284 humiliter
981 1250 1092 1285 dietus
1107 1251 1264 1285 dominus
1281 1252 1433 1287 ,Iacobus
1454 1252 1572 1286 Schaw
1592 1265 1667 1299 pre—

210 1310 316 1345 fatum
327 1310 520 1357 Georgium
534 1310 799 1357 Elphynstoune
811 1310 975 1345 balliuum
987 1311 1077 1346 dicte
1091 1311 1238 1346 ciuitatis
1251 1312 1432 1358 requisiuit
1443 1318 1612 1358 quatenus
1624 1314 1667 1347 ad

213 1371 454 1406 executionem
474 1371 524 1406 sui
543 1372 644 1407 officii
670 1385 778 1419 penes
797 1372 970 1406 dationem
989 1377 1097 1406 status
1116 1378 1151 1407 et
1170 1372 1294 1407 saisine
1319 1372 1466 1419 predicti
1484 1373 1667 1408 annuired-

212 1431 303 1466 ditus
323 1432 426 1466 trium
453 1432 615 1467 librarum
635 1437 670 1467 et
688 1433 808 1467 decem
835 1432 1021 1466 solidorum
1049 1432 1112 1467 sibi
1140 1433 1278 1467 domino
1301 1433 1433 1469 Jacobo
1454 1433 1572 1468 Schaw
1590 1447 1667 1481 pro-

211 1493 382 1527 curatorio
410 1493 547 1528 nomine
573 1493 720 1540 predicti
747 1493 902 1540 magistri
920 1493 1041 1528 Jacobi
1061 1500 1096 1527 et
1115 1506 1252 1527 suorum
1277 1493 1527 1540 assignatorum
1547 1507 1667 1528 seeun-

212 1553 291 1587 dum
305 1553 447 1588 formam
463 1560 497 1588 et
511 1560 668 1589 tenorem
682 1554 838 1601 predicte
853 1553 1118 1601 appreciationis
1133 1553 1324 1600 procedere
1339 1553 1543 1600 dignaretur
1566 1575 1571 1581 ·
1597 1554 1667 1595 Qui

212 1627 294 1649 vero
312 1614 458 1649 balliuus
477 1615 671 1650 antedictus
690 1621 849 1662 tanquam
869 1614 1067 1649 obedientie
1083 1614 1172 1648 filius
1191 1620 1317 1648 statum
1337 1619 1372 1648 et
1390 1614 1548 1648 saisinam
1567 1614 1666 1649 here-

210 1675 352 1709 ditarios
378 1676 524 1722 predicti
551 1676 813 1711 annuiredditus
839 1688 902 1722 per
928 1681 1022 1710 terre
1050 1681 1085 1709 et
1111 1675 1234 1721 lapidis
1252 1688 1291 1709 ac
1310 1675 1354 1709 lie
1373 1675 1459 1722 hesp
1478 1681 1513 1709 et
1531 1675 1665 1722 stapille

211 1735 430 1770 traditionem
449 1736 513 1770 sibi
532 1736 670 1770 domino
687 1736 819 1772 Jacobo
841 1735 959 1770 Schaw
977 1735 1214 1782 procuratorio
1230 1735 1366 1769 nomine
1386 1735 1492 1781 ipsius
1511 1736 1666 1781 magistri

209 1796 332 1832 Jacobi
353 1796 561 1832 Houstoune
576 1803 611 1832 et
630 1809 766 1831 suorum
786 1796 1038 1843 assignatorum
1053 1795 1194 1830 tradidit
1216 1816 1222 1821 ·
1246 1795 1292 1829 Et
1310 1795 1436 1829 deinde
1455 1795 1544 1828 idem
1561 1795 1665 1829 domi-

209 1869 274 1891 nus
291 1857 444 1893 Jacobus
465 1857 583 1892 Schaw
601 1864 639 1892 vt
656 1863 859 1905 procurator
886 1856 1009 1903 prefati
1036 1855 1190 1902 magistri
1208 1854 1329 1890 Jacobi
1354 1854 1402 1888 sic
1420 1854 1610 1900 persistens
1628 1855 1662 1888 in

209 1923 300 1952 statu
318 1923 354 1952 et
371 1918 496 1953 saisina
521 1918 669 1965 predicti
687 1917 950 1953 annuiredditus
969 1916 1117 1950 eundem
1136 1914 1335 1961 simpliciter
1354 1914 1387 1947 in
1407 1914 1561 1948 manibus
1581 1915 1663 1949 dicti

209 1977 327 2012 balliui
357 1978 391 2012 in
422 1979 574 2014 fauorem
607 1978 735 2013 domini
768 1977 938 2014 ,Iohannis
969 1976 1095 2010 Foular
1129 1974 1349 2022 prebendarii
1384 1974 1479 2008 Noui
1512 1974 1663 2021 Collegii

211 2038 319 2073 Beate
339 2038 452 2074 Marie
469 2039 628 2086 Virginis
643 2044 678 2073 et
693 2039 799 2073 Anne
815 2037 931 2071 matris
947 2036 1019 2070 eius
1035 2035 1149 2070 situati
1164 2035 1198 2068 in
1214 2034 1352 2068 ciuitate
1368 2034 1580 2080 Glasguensi
1600 2048 1662 2082 per

208 2099 438 2146 prescriptum
462 2100 661 2146 magistrum
680 2099 847 2135 Jacobum
876 2097 1060 2131 Houstone
1083 2092 1244 2141 [fundati]
1264 2093 1480 2140 [resignauit
1495 2102 1505 2129 Ι
1523 2094 1661 2135 Quibus

209 2160 257 2194 sie
271 2160 368 2195 factis
383 2160 472 2195 idem
487 2160 635 2194 balliuus
654 2165 779 2193 statum
794 2163 829 2192 et
843 2156 1001 2191 saisinam
1015 2154 1242 2189 hereditarios
1262 2153 1384 2200 prefati
1399 2153 1661 2189 annuiredditus

209 2221 273 2255 sibi
303 2221 441 2255 domino
471 2220 623 2256 ,Iohanni
654 2219 781 2253 Foular
807 2217 945 2251 nomine
975 2215 1131 2262 predicte
1159 2214 1316 2249 Ecclesie
1343 2214 1538 2261 Collegiate
1565 2222 1600 2250 et
1626 2216 1660 2250 in

210 2281 423 2316 commodum
443 2286 477 2315 et
492 2280 674 2314 vtilitatem
689 2278 843 2313 eiusdem
857 2289 896 2311 ac
914 2275 1221 2323 prebendariorum
1239 2275 1273 2309 in
1289 2275 1409 2309 eadem
1426 2275 1660 2310 institutorum

210 2340 416 2376 deliberauit
443 2361 448 2366 ·
482 2339 707 2374 Presentibus
738 2337 864 2372 ibidem
896 2337 1049 2383 prouidis
1080 2336 1162 2370 viris
1192 2336 1357 2382 magistro
1386 2335 1546 2371 Johanne
1579 2336 1662 2370 Hall

928 2407 946 2426 O
