1922 2764
616 277 657 311 B.
688 277 733 311 V.
762 276 930 311 MARIE
958 276 1026 311 ET
1055 277 1089 312 S.
1120 277 1277 312 ANNE.
1633 285 1678 321 29

220 380 420 409 tenemento
439 374 649 420 Kentigerni
680 373 863 408 Haustone
888 374 1027 420 jacente
1056 386 1100 408 ex
1129 380 1227 420 parte
1258 374 1417 409 orientali
1442 376 1596 411 eiusdem
1622 378 1676 412 vie

218 435 309 470 inter
327 440 437 469 terras
455 435 627 481 quondam
645 434 799 481 magistri
817 434 987 470 Johannis
1007 433 1094 468 Blak
1113 446 1157 468 ex
1176 434 1308 469 boreali
1327 440 1363 469 et
1381 441 1490 470 terras
1512 436 1677 472 Willelmi

220 495 304 530 Law
322 508 367 530 ex
385 495 523 530 australi
546 495 700 542 partibus
718 503 726 530 l
742 495 827 529 duos
855 495 982 529 solidos
999 503 1008 531 l
1025 494 1113 528 Item
1133 494 1176 529 de
1195 500 1395 529 tenemento
1422 497 1591 541 quondam
1619 498 1677 531 do-

218 556 300 590 mini
320 556 502 591 Michaelis
522 556 682 590 Monfoid
701 569 791 590 nunc
811 556 946 590 Thome
966 555 1140 590 Liburnar
1160 568 1202 590 ex
1226 562 1324 602 parte
1344 556 1503 590 orientali
1522 558 1676 592 eiusdem

219 617 274 651 vie
293 617 384 651 inter
402 623 512 651 terras
525 617 547 652 J
551 623 654 651 oncte
674 617 901 651 Dauidsoune
917 628 961 651 ex
981 616 1110 650 boreali
1125 622 1160 650 et
1178 616 1333 662 magistri
1350 616 1519 652 Johannis
1540 618 1677 664 Spreull

220 690 264 712 ex
282 677 422 711 australi
441 677 595 724 partibus
611 686 620 713 Ι
636 683 782 723 quatuor
801 677 928 711 solidos
945 685 954 713 l
970 677 1057 711 Item
1077 677 1120 711 de
1139 682 1341 711 tenemento
1359 677 1530 723 quondam
1549 678 1676 713 Johan-

220 738 272 772 nis
293 737 409 772 Nicoll
433 743 469 772 et
494 737 633 772 Patricii
661 737 872 772 Robesoune
891 737 925 771 in
945 737 1066 771 eadem
1092 743 1189 784 parte
1209 737 1264 771 vie
1282 737 1439 784 predicte
1459 738 1549 772 inter
1568 745 1677 773 terras

221 797 375 844 magistri
393 797 562 833 Johannis
592 798 728 844 Spreull
755 810 800 832 ex
826 797 957 832 boreali
983 803 1018 832 et
1036 804 1146 832 terras
1165 798 1337 844 quondam
1363 798 1491 832 domini
1509 799 1678 834 Johannis

220 857 395 904 Makgour
410 871 501 892 nunc
520 858 704 892 Michaelis
720 858 909 904 Lyndesay
923 870 966 892 ex
981 857 1120 892 australi
1137 858 1290 904 partibus
1307 866 1316 894 Ι
1332 858 1477 904 triginta
1491 859 1651 893 denarios
1669 869 1676 895 l

220 918 308 953 Item
339 919 383 952 de
418 924 618 953 tenemento
648 918 817 954 Johannis
850 918 998 965 Clemey
1029 931 1121 953 nuno
1155 924 1269 953 autem
1302 918 1498 953 Alexandri
1534 919 1678 967 Dunlop

216 979 355 1025 jacente
374 991 419 1013 ex
437 979 643 1013 occidentali
668 985 767 1026 parte
789 979 880 1014 dicte
908 979 963 1014 vie
990 979 1081 1014 inter
1107 984 1219 1014 terras
1237 979 1408 1026 quondam
1430 980 1567 1014 Valteri
1588 980 1678 1014 Lufe

220 1052 264 1073 ex
282 1039 422 1074 australi
441 1046 476 1074 et
494 1045 605 1074 terras
623 1040 794 1086 quondam
816 1039 981 1074 Willelmi
1006 1039 1191 1074 Mosmann
1211 1052 1255 1074 ex
1274 1039 1404 1074 boreali
1424 1041 1578 1086 partibus
1595 1050 1603 1076 l
1620 1042 1678 1075 tri-

219 1100 316 1146 ginta
346 1100 506 1134 denarios
533 1109 542 1136 l
568 1100 656 1135 Item
688 1100 731 1135 de
763 1106 964 1135 tenemento
999 1099 1117 1134 Dauid
1148 1099 1339 1146 Lyndesay
1371 1112 1463 1134 nunc
1495 1100 1678 1135 Michaelis

220 1160 408 1207 Lyndesay
433 1161 572 1207 jacente
590 1161 624 1195 in
645 1161 765 1195 eadem
783 1160 839 1195 via
864 1161 955 1195 inter
975 1166 1085 1195 terras
1104 1160 1187 1194 dicti
1205 1160 1375 1207 quondam
1396 1160 1562 1196 Willelmi
1582 1161 1677 1196 Mos-

220 1233 321 1255 mann
341 1234 385 1256 ex
404 1221 544 1256 australi
558 1228 594 1256 et
607 1227 718 1256 terras
732 1221 903 1268 quondam
916 1221 939 1257 J
942 1220 1086 1255 ohannis
1106 1220 1274 1255 Nutishill
1288 1233 1332 1255 ex
1347 1221 1477 1255 boreali
1496 1222 1651 1268 partibus
1668 1231 1676 1257 l

221 1281 395 1316 sexdecim
414 1282 574 1317 denarios
591 1291 600 1318 l
616 1282 705 1317 Item
731 1282 774 1316 de
801 1287 1002 1317 tenemento
1028 1281 1110 1316 dicti
1136 1281 1306 1317 Johannis
1329 1281 1493 1316 Nutishill
1512 1282 1676 1329 contigue

222 1342 400 1377 adiacente
417 1343 616 1379 [sexdecim
639 1343 799 1378 denarios
816 1351 825 1378 Ι
841 1343 930 1377 Item
956 1342 1000 1376 de
1026 1347 1228 1376 tenemento
1255 1342 1426 1388 quondam
1446 1342 1580 1377 Thome
1603 1343 1680 1377 Gil-

222 1415 318 1437 mure
336 1415 428 1438 nunc
446 1409 560 1438 autem
578 1403 733 1449 magistri
750 1403 936 1438 Cuthberti
957 1402 1117 1449 Symonis
1136 1415 1181 1437 ex
1195 1402 1315 1437 eadem
1334 1408 1432 1449 parte
1452 1403 1605 1438 eiusdem
1623 1404 1678 1437 vie

222 1462 312 1497 inter
330 1469 440 1498 terras
458 1463 628 1499 Johannis
647 1464 743 1498 Auld
763 1476 807 1498 ex
834 1463 974 1498 australi
994 1469 1029 1498 et
1046 1469 1157 1497 terras
1176 1463 1345 1510 quondam
1368 1463 1533 1498 Willelmi
1560 1464 1678 1511 Dykis

223 1536 314 1558 nunc
342 1523 437 1558 Petri
463 1524 531 1558 Bar
558 1537 602 1559 ex
628 1524 759 1559 boreali
783 1524 947 1570 contigue
975 1523 1173 1558 adiacentes
1198 1523 1290 1558 dicto
1314 1529 1517 1558 tenemento
1546 1524 1680 1559 Thome

225 1585 383 1620 Gilmure
411 1595 419 1622 l
444 1586 565 1621 decem
601 1586 727 1621 solidos
763 1598 825 1620 sex
859 1586 1020 1621 denarios
1047 1594 1056 1622 Ι
1082 1585 1168 1620 Item
1201 1585 1244 1620 de
1279 1591 1479 1620 tenemento
1514 1586 1678 1621 Willelmi

223 1646 458 1681 Andersoune
473 1647 612 1693 jacente
631 1647 665 1681 in
684 1647 854 1681 communi
876 1647 932 1681 via
948 1646 1116 1681 tendente
1135 1646 1178 1680 ad
1198 1645 1348 1681 Crucem
1367 1646 1525 1681 Foralem
1545 1659 1564 1681 a
1584 1646 1679 1681 Loco

221 1705 381 1740 Fratrum
412 1706 671 1742 Predicatorum
703 1719 747 1741 ex
779 1707 985 1742 occidentali
1016 1713 1114 1753 parte
1145 1706 1333 1741 communis
1362 1706 1417 1741 vie
1448 1707 1540 1741 inter
1567 1714 1678 1741 terras

220 1765 389 1802 ,Iohannis
408 1767 521 1801 Wann
542 1779 586 1802 ex
605 1767 745 1802 australi
773 1774 809 1802 et
834 1773 944 1802 terras
971 1767 1038 1801 mei
1059 1767 1251 1801 fundatoris
1278 1767 1358 1800 olim
1376 1773 1489 1801 autem
1514 1767 1678 1802 Willelmi

222 1826 362 1861 Walkar
389 1839 434 1861 ex
459 1827 590 1861 boreali
607 1836 615 1863 Ι
631 1833 703 1862 tres
730 1828 858 1862 solidos
877 1833 912 1862 et
930 1834 1076 1874 quatuor
1095 1827 1255 1862 denarios
1273 1835 1282 1862 l
1299 1827 1386 1861 Item
1407 1827 1450 1861 de
1469 1828 1562 1862 dicto
1581 1834 1677 1863 tene-

221 1893 337 1921 mento
363 1887 430 1922 mei
455 1887 648 1922 fundatoris
674 1888 813 1933 jacente
839 1894 878 1922 vt
904 1900 1006 1934 supra
1026 1894 1197 1933 [quatuor
1224 1886 1351 1921 solidos
1368 1896 1376 1922 s
1394 1887 1481 1921 Item
1509 1887 1552 1922 de
1580 1893 1676 1923 tene-

222 1953 337 1981 mento
355 1947 526 1994 quondam
544 1948 663 1982 Dauid
683 1948 876 1994 Symsoune
895 1948 1058 1993 contigue
1077 1947 1257 1981 adiacente
1272 1946 1364 1981 dicto
1379 1953 1580 1982 tenemento
1599 1961 1676 1982 meo

222 2020 265 2042 ex
296 2008 435 2042 australi
463 2014 498 2042 et
523 2013 724 2042 tenemento
751 2007 879 2042 domini
906 2007 1052 2042 Andree
1081 2007 1219 2041 VValcar
1250 2019 1294 2041 ex
1326 2007 1481 2043 boreali!
1497 2014 1568 2042 tres
1599 2008 1676 2042 soli-

221 2067 281 2101 dos
299 2068 412 2103 [Item
439 2068 482 2102 de
508 2074 708 2102 tenemento
739 2068 909 2114 quondam
940 2067 1094 2114 magistri
1123 2067 1269 2102 Andree
1303 2067 1439 2114 Smytht
1466 2068 1604 2114 jacente
1632 2082 1675 2103 ex

221 2129 341 2162 eadem
359 2134 456 2174 parte
475 2128 566 2162 dicte
582 2128 637 2162 vie
656 2128 746 2162 inter
764 2134 874 2162 terras
893 2128 974 2162 dicti
994 2127 1149 2174 magistri
1170 2127 1314 2162 Andree
1335 2140 1378 2162 ex
1398 2128 1539 2162 australi
1554 2135 1590 2163 et
1607 2135 1675 2164 ter-

220 2201 274 2222 ras
294 2188 527 2222 Bartholomei
557 2188 679 2234 Somyr
697 2200 742 2222 ex
760 2187 890 2222 boreali
914 2187 1068 2234 partibus
1084 2196 1092 2223 l
1108 2193 1179 2222 tres
1198 2187 1325 2222 solidos
1346 2194 1382 2222 et
1399 2194 1544 2234 quatuor
1571 2189 1674 2224 dena-

221 2248 290 2282 rios
306 2257 315 2284 Ι
332 2248 420 2283 Item
446 2249 489 2283 de
516 2254 716 2283 tenemento
745 2248 891 2282 Henrici
919 2248 1026 2282 Dvnn
1054 2261 1099 2282 ex
1126 2248 1246 2283 eadem
1272 2255 1370 2295 parte
1398 2249 1478 2283 dieti
1500 2250 1565 2284 vici
1584 2251 1674 2284 inter

223 2315 332 2342 terras
351 2308 520 2354 quondam
541 2307 675 2344 Thome
704 2308 916 2342 Patersoune
942 2321 1035 2342 nunc
1064 2308 1213 2343 Mariote
1243 2308 1432 2343 Patersone
1451 2310 1524 2344 eius
1542 2310 1611 2344 filie
1631 2323 1674 2344 ex
