1922 2764
607 237 823 274 ORDINIS
852 236 1287 274 PREDICATORUM.
1613 244 1677 279 157

218 356 418 386 tenemento
429 350 568 397 jacente
580 361 625 383 ex
640 353 736 395 parte
752 347 882 382 boreali
898 347 963 381 loci
974 347 1200 381 habitacionis
1217 368 1222 374 ·
1240 347 1313 382 siue
1325 347 1482 383 clausure
1498 369 1504 375 ·
1522 349 1679 384 Fratrum

220 411 478 446 Predicatorum
494 409 683 445 eorundem
703 409 795 456 quod
815 408 993 444 Hem-icus
1013 407 1132 443 Leche
1148 414 1246 443 tenet
1259 408 1292 442 in
1307 408 1410 443 feodo
1433 430 1438 435 ·
1462 429 1467 435 -
1491 410 1681 444 Tenendos

219 472 396 506 habendos
414 477 450 506 et
468 470 711 518 percipiendos
730 470 861 505 eisdem
882 469 993 504 Priori
1013 476 1048 504 et
1066 469 1248 504 Fratribus
1274 470 1331 516 qui
1354 483 1417 516 pro
1437 476 1591 518 tempore
1610 472 1682 506 fne-

219 533 288 567 rint
307 532 349 566 ad
367 531 660 566 sustentacionem
680 531 981 578 subportacionem
1000 537 1036 565 et
1066 531 1325 578 reparacionem
1353 531 1499 566 ecclesie
1527 538 1562 566 et
1589 532 1683 567 edifi-

218 594 347 628 ciorum
366 592 641 640 supradictorum
660 598 771 627 terras
789 598 991 627 tenementa
1017 598 1053 627 et
1079 605 1211 626 annuos
1230 592 1387 626 redditus
1406 592 1621 639 supradictos
1648 593 1682 627 in

218 654 360 688 liberam
379 666 499 701 puram
518 660 554 688 et
571 660 775 701 perpetuam
796 653 1020 688 elemosinam
1039 666 1114 687 cum
1131 653 1333 688 reuersione
1349 659 1519 688 terrarum
1539 660 1574 688 et
1588 660 1683 688 tene-

217 720 412 749 mentorum
439 728 506 762 que
533 721 699 750 tenentur
725 715 766 750 ad
793 714 1020 749 feodifirmam
1048 714 1076 749 si
1103 715 1283 760 contingat
1305 714 1396 762 ipsas
1416 715 1471 750 uel
1491 715 1564 762 ipsa
1582 728 1683 762 posse

217 776 415 823 recuperari
445 777 500 811 uel
521 776 635 811 euinci
663 782 806 824 propter
833 776 1006 811 defectum
1034 775 1220 811 solucionis
1251 776 1443 811 feodifirme
1475 777 1548 811 siue
1580 778 1682 823 annuj

217 837 375 872 redditus
389 837 498 872 debiti
513 837 556 872 de
572 837 702 872 eisdem
726 858 732 864 ·
754 850 890 872 necnon
907 850 983 872 cum
998 837 1156 872 omnibus
1167 838 1242 885 alijs
1258 844 1293 873 et
1307 838 1453 885 singulis
1467 838 1685 873 libertatibus

218 898 518 934 commoditatibus
536 899 760 945 aysiamentis
775 905 811 934 et
828 898 1055 946 pertinencijs
1070 898 1140 933 suis
1155 899 1417 946 quibuscunque
1441 920 1446 926 -
1469 899 1556 934 adeo
1574 899 1685 934 libere

218 960 335 1007 quiete
362 960 517 1007 plenarie
545 960 684 1007 integre
711 966 747 995 et
771 960 961 995 honorifice
992 958 1111 1007 [sicut]
1141 960 1255 1008 alique
1279 967 1372 996 terre
1393 961 1466 995 siue
1486 967 1686 995 tenementa

219 1027 278 1055 aut
296 1021 399 1068 annuj
420 1021 578 1056 redditus
597 1021 722 1056 dantur
750 1021 823 1056 siue
851 1021 1089 1056 conceduntur
1109 1021 1151 1056 ad
1178 1022 1471 1056 sustentacionem
1492 1022 1564 1057 siue
1584 1022 1686 1057 fabri-

219 1095 293 1117 cam
312 1082 536 1117 ecclesiarum
556 1083 630 1118 siue
650 1083 828 1117 domorum
856 1083 1046 1117 eorundem
1074 1083 1233 1117 Fratrum
1253 1082 1287 1117 in
1307 1090 1509 1130 perpetuam
1530 1084 1687 1119 elemosi-

220 1157 296 1179 nam
316 1144 459 1179 liberius
478 1144 568 1179 infra
593 1157 742 1191 regnum
764 1165 769 1170 ·
794 1144 873 1191 Ego
892 1157 976 1179 vcro
1002 1144 1182 1180 Johannes
1211 1144 1254 1178 de
1285 1144 1411 1179 Govan
1444 1145 1620 1191 predictus
1652 1152 1686 1180 et

220 1206 369 1241 heredes
387 1205 455 1240 mei
474 1205 649 1252 predictas
668 1211 779 1240 terras
798 1211 999 1241 tenementa
1017 1211 1053 1240 et
1079 1218 1212 1240 annuos
1238 1206 1396 1240 redditus
1424 1206 1555 1240 eisdem
1576 1206 1687 1240 Priori

221 1274 256 1302 et
274 1266 455 1301 Fratribus
474 1266 531 1313 qui
559 1279 622 1313 pro
649 1272 805 1314 tempore
836 1267 967 1302 fuerint
993 1273 1114 1302 contra.
1140 1279 1259 1302 omnes
1290 1267 1446 1302 homines
1479 1274 1513 1302 et
1542 1268 1687 1302 feminas

221 1328 517 1363 warantizabimus
537 1328 808 1375 acquietabimus
827 1334 863 1363 et
880 1328 914 1362 in
933 1334 1142 1375 perpetuum
1157 1328 1384 1363 defendemus
1407 1350 1412 1355 -
1437 1328 1484 1363 Et
1498 1328 1525 1362 si
1540 1328 1686 1375 aliquam

219 1397 346 1425 terram
366 1390 440 1425 siue
459 1395 698 1425 tenementum
717 1396 776 1425 aut
802 1403 952 1425 annuum
973 1390 1148 1425 redditum
1167 1403 1229 1437 per
1248 1403 1302 1425 me
1322 1396 1360 1424 ut
1378 1389 1588 1436 premittitur
1607 1403 1687 1424 con-

220 1465 355 1487 cessum
375 1451 449 1487 siue
468 1464 666 1487 concessam
687 1452 819 1487 eisdem
837 1452 1012 1499 religiosis
1030 1452 1114 1486 viris
1133 1452 1174 1486 ab
1194 1451 1276 1499 ipsis
1302 1464 1366 1499 per
1385 1464 1625 1498 quemcunque
1654 1452 1687 1485 in

221 1513 348 1548 iudicio
367 1512 636 1548 contradictorio
655 1513 712 1548 uel
731 1513 814 1548 alias
833 1513 1094 1560 quomodolibet
1113 1513 1225 1548 euinci
1245 1513 1319 1548 siue
1338 1513 1537 1560 recuperari
1557 1513 1689 1547 contin-

221 1581 282 1622 gat
299 1575 470 1622 aliquibus
488 1574 613 1609 futuris
632 1575 846 1622 temporibus
864 1583 872 1611 Ι
892 1575 1022 1621 Obligo
1038 1587 1091 1609 me
1109 1574 1259 1609 heredes
1275 1580 1310 1609 ct
1324 1574 1518 1620 assignatos
1537 1587 1631 1609 meos
1651 1588 1689 1609 ac

223 1636 337 1671 omnia
353 1636 444 1671 bona
462 1649 539 1671 mea
565 1642 602 1671 et
628 1649 747 1671 eorum
775 1636 913 1671 mobilia
932 1642 968 1670 et
993 1636 1181 1670 immobilia
1206 1636 1249 1670 ad
1267 1635 1463 1670 faciendum
1482 1636 1591 1670 dictos
1611 1636 1689 1670 reli-

223 1698 340 1744 giosos
356 1697 487 1732 habere
513 1697 548 1731 in
576 1697 679 1732 terris
706 1697 917 1732 tenementis
937 1703 973 1732 et
992 1697 1115 1732 annuis
1142 1697 1335 1732 redditibus
1354 1703 1485 1731 tantum
1506 1697 1546 1731 ad
1569 1709 1687 1731 verum

225 1758 377 1793 valorem
400 1764 572 1792 terrarum
598 1764 876 1793 tenementorum
905 1764 940 1793 et
967 1771 1158 1792 annuorum
1185 1758 1383 1792 reddituum
1410 1770 1496 1804 quos
1523 1770 1589 1804 que
1617 1757 1690 1791 siue

225 1832 309 1866 quas
328 1819 369 1853 ab
387 1819 471 1865 ipsis
489 1819 688 1865 recuperari
707 1819 896 1865 contigerit
914 1819 947 1853 in
975 1819 1336 1866 recompensacionem
1355 1819 1505 1865 ipsorum
1526 1825 1689 1862 quantum

225 1881 299 1927 ipse
319 1886 412 1914 terre
432 1885 633 1914 tenementa
651 1886 686 1914 et
704 1879 861 1914 redditus
889 1879 971 1926 ipsis
1000 1879 1179 1914 Fratribus
1207 1892 1299 1914 nunc
1317 1878 1434 1914 valere
1461 1885 1607 1926 possunt
1633 1886 1691 1914 aut

225 1947 390 1989 poterunt
412 1941 446 1975 in
474 1941 625 1976 futurum
648 1962 654 1967 ·
680 1941 861 1976 Subiciens
889 1947 925 1976 et
951 1942 1150 1988 subponens
1177 1953 1231 1975 me
1258 1940 1408 1975 heredes
1435 1947 1470 1975 et
1496 1940 1690 1987 assignatos

226 2017 321 2039 meos
348 2002 585 2050 jnrisdiccioni
612 2009 648 2038 et
674 2002 873 2038 cohercioni
900 2002 1044 2037 Domini
1072 2002 1237 2049 Episcopi
1268 2002 1501 2049 Glasguensis
1529 2008 1565 2037 et
1582 2001 1690 2049 ipsius

227 2064 379 2100 officialis
398 2064 455 2111 qni
474 2077 537 2112 pro
556 2070 712 2111 tempore
731 2063 862 2098 fuerint
888 2070 926 2098 ut
952 2063 1018 2110 ipsi
1045 2069 1081 2098 et
1099 2076 1218 2098 eorum
1238 2063 1383 2110 quilibet
1402 2076 1464 2097 nos
1483 2069 1519 2098 et
1537 2069 1691 2098 nostrum

226 2125 416 2173 quemlibet
442 2125 652 2172 compellere
680 2130 716 2159 et
741 2124 929 2159 cohercere
949 2124 1062 2159 valeat
1090 2125 1133 2159 ad
1164 2124 1447 2159 obseruaeionem
1475 2124 1625 2159 omnium
1658 2133 1692 2159 et

226 2186 441 2234 singulorum
471 2185 716 2232 premissorum
747 2198 810 2232 per
837 2185 1065 2220 omnimodam
1093 2198 1274 2220 censuram
1302 2185 1568 2220 ecclesiasticam
1597 2186 1692 2220 nullo

226 2247 454 2296 proponendo
485 2247 644 2282 obstante
667 2267 673 2273 ·
696 2247 738 2281 In
770 2259 915 2293 quorum
947 2247 1097 2281 omnium
1129 2247 1363 2282 testimonium
1395 2246 1545 2294 sigillum
1578 2260 1691 2282 meum

226 2308 381 2356 presenti
400 2314 493 2343 carte
514 2321 590 2343 mee
610 2308 753 2355 apposui
770 2316 779 2344 Ι
796 2314 831 2343 et
849 2308 892 2343 ad
910 2308 1073 2343 maiorem
1093 2308 1143 2343 rei
1162 2308 1377 2343 euidenciam
1399 2308 1548 2354 sigillum
1564 2309 1693 2343 domini
