1922 2764
178 2136 234 2170 39.

270 257 335 289 184
690 252 1019 288 MUNIMENTA
1047 252 1305 288 FRATRUM

266 370 301 398 et
326 363 508 398 latitudine
527 375 603 397 cum
631 363 789 397 omnibus
817 362 1115 398 commoditatibus
1144 368 1180 396 et
1207 361 1404 396 asiamentis
1433 361 1694 408 quibuscunque
1718 381 1723 386 ·

269 423 464 458 Reddendo
482 423 562 458 inde
581 423 757 458 annuatim
783 429 855 458 tres
886 423 1014 458 solidos
1045 423 1149 457 annui
1180 423 1338 457 redditus
1368 422 1412 457 ad
1443 422 1528 456 duos
1561 422 1728 457 terminos

267 485 404 519 usuales
422 484 586 519 videlicet
605 484 832 519 Pentecostes
851 491 886 519 et
906 484 1022 519 Sancti
1042 483 1186 518 Martini
1205 484 1239 517 in
1259 483 1384 530 hyeme
1403 496 1466 531 per
1485 483 1625 530 equales
1650 495 1729 530 por-

266 546 379 580 tiones
400 545 511 580 Priori
530 550 565 580 et
583 545 770 580 conuentui
790 545 948 579 Fratrum
967 543 1224 578 predicatorum
1244 543 1287 578 de
1303 543 1462 590 Glasgou
1476 544 1729 591 imperpetuum

267 619 330 653 pro
349 606 441 640 omni
459 605 526 640 alio
545 605 693 640 seruicio
713 605 858 640 seculari
878 618 938 639 seu
966 604 1136 639 demanda
1157 625 1163 631 ·
1189 605 1300 652 Super
1328 605 1451 652 quibus
1478 605 1527 639 sic
1554 604 1730 652 premissis

268 667 374 715 peciit
392 667 504 702 dictus
524 666 676 701 Thomas
698 665 795 700 Kerd
823 678 886 712 per
906 678 958 699 me
986 665 1155 700 notarium
1182 666 1357 713 publicum
1384 666 1639 713 infrascriptum
1667 665 1731 700 sibi

268 741 414 776 presens
432 728 507 762 fieri
525 728 791 762 instrumentum
837 726 903 762 Cui
923 727 1153 761 instrumento
1170 727 1347 773 predictus
1363 727 1525 762 Vicarius
1543 727 1730 762 Generalis

270 789 419 836 sigillum
454 789 505 823 sui
536 788 637 823 officii
667 788 701 822 in
733 787 935 822 euidencius
967 788 1103 834 signum
1131 788 1287 823 veritatis
1320 788 1519 836 appendere
1546 788 1730 835 promisit-

271 850 364 885 Acta
380 850 521 884 fuerunt
547 849 611 884 hec
630 849 662 883 iu
684 849 759 883 loco
784 848 943 883 Fratrum
973 848 1231 884 predicatorum
1266 850 1488 897 presentibus
1516 849 1671 897 prouidis
1698 856 1733 883 et

271 910 529 957 circumspectis
559 909 642 944 viris
672 909 833 945 Johanne
867 910 1006 944 Stenart
1045 910 1222 957 preposito
1263 911 1354 945 dicte
1386 910 1534 945 ciuitatis
1572 910 1732 946 ,Iohanne

274 972 446 1018 Rankyne
494 971 656 1017 Rycardo
676 970 843 1005 Broustar
870 970 1009 1017 juniore
1055 971 1212 1006 Roberto
1231 971 1411 1019 Faussyde
1453 971 1614 1008 Johanne
1635 971 1733 1006 Dun-

272 1033 330 1080 lop
353 1053 359 1059 ·
378 1032 511 1068 Jacobo
532 1031 674 1078 Lytstar
706 1031 885 1066 Willelmo
902 1031 1026 1078 Quhyt
1044 1032 1086 1067 de
1105 1031 1230 1067 Govan
1251 1039 1286 1067 et
1300 1032 1415 1067 multis
1434 1032 1508 1067 aliis
1526 1032 1673 1067 testibus
1692 1032 1733 1066 ad

274 1093 442 1141 premissa
459 1093 589 1128 vocatis
609 1093 738 1139 pariter
757 1099 792 1127 et
810 1093 940 1139 rogatis

373 1214 418 1248 Et
437 1227 503 1260 ego
525 1214 639 1248 David
661 1214 759 1249 Rede
778 1215 952 1260 presbiter
974 1214 1205 1261 Glasguensis
1233 1216 1380 1250 diocesis
1406 1216 1564 1263 publicus
1591 1217 1736 1250 auctori-

372 1275 499 1310 tatibus
515 1275 687 1322 Imperiali
705 1282 740 1310 et
760 1276 885 1321 Regali
906 1276 1058 1310 notarius
1077 1276 1254 1323 premissis
1268 1277 1476 1312 assedationi
1497 1284 1532 1312 et
1544 1277 1736 1311 feodifirme

374 1336 563 1370 dimissioni
594 1336 790 1383 ceterisque
824 1337 981 1371 omnibus
1021 1343 1057 1372 et
1091 1338 1237 1384 singulis
1269 1338 1348 1372 dum
1389 1338 1438 1373 sic
1464 1345 1501 1373 ut
1527 1338 1738 1385 premittitur

373 1403 561 1443 agerentur
580 1397 780 1432 dicerentur
800 1404 835 1432 et
855 1398 978 1432 fierent
998 1411 1141 1433 vnacum
1160 1398 1410 1445 prenominatis
1428 1399 1575 1434 testibus
1593 1411 1738 1446 presens

371 1458 419 1492 fui
436 1467 444 1495 Ι
463 1458 517 1492 Ac
536 1458 679 1506 insuper
701 1459 744 1493 de
772 1459 934 1493 mandato
954 1459 1095 1506 speciali
1114 1459 1285 1494 dictorum
1306 1460 1436 1495 Vicarii
1458 1460 1587 1494 Prioris
1606 1468 1641 1495 et
1660 1472 1738 1494 con-

374 1526 501 1554 uentus
517 1519 655 1565 saysine
671 1520 859 1566 corporalis
877 1520 1106 1567 possessionis
1122 1526 1298 1567 statusque
1312 1521 1513 1555 hereditarii
1532 1534 1594 1568 per
1611 1521 1739 1557 Johan-

374 1593 453 1614 nem
485 1580 626 1615 Steuart
656 1581 869 1628 prepositum
900 1581 1158 1627 Glasguensem
1189 1581 1352 1616 balliuum
1382 1582 1571 1617 eorundem
1603 1583 1643 1616 ad
1677 1582 1739 1616 hoc

376 1641 572 1687 specialiter
592 1641 816 1676 constitutum
835 1649 928 1676 terre
948 1648 983 1676 et
1010 1642 1134 1688 lapidis
1152 1642 1243 1677 dicte
1272 1643 1370 1689 pecie
1390 1650 1483 1677 terre
1512 1650 1548 1677 ut
1573 1643 1739 1690 premitti—

377 1708 432 1736 tur
451 1708 489 1736 ut
507 1702 610 1737 moris
629 1709 683 1737 est
700 1703 887 1749 burgorum
908 1703 1041 1737 scilicet
1058 1703 1277 1738 traditionem
1297 1704 1438 1738 interfui
1454 1712 1463 1740 Ι
1480 1704 1601 1751 anue
1629 1704 1740 1738 omnia

379 1768 415 1797 et
433 1762 568 1809 singula
587 1763 635 1798 sic
653 1763 729 1798 fieri
747 1763 818 1797 vidi
837 1763 922 1798 sciui
943 1770 978 1798 et
996 1763 1111 1798 audiui
1134 1764 1212 1811 [etc.
1232 1765 1270 1798 in
1287 1766 1415 1809 forma
1433 1765 1641 1811 commum]

284 1945 556 1980 Instrumentum
586 1946 738 1993 quinque
774 1946 960 1980 solidorum
996 1946 1038 1980 de
1075 1959 1142 1980 vna
1175 1946 1260 1981 roda
1294 1954 1462 1982 terrarum
1497 1961 1560 1994 pro
1597 1948 1742 1994 Fynlaio

286 2006 449 2041 Menteth

288 2101 342 2165 EN
369 2129 444 2163 Dm
473 2141 617 2165 ΝΟΜΙΝΕ
650 2131 766 2166 ΑΜΕΝ
790 2153 795 2158 -
821 2132 887 2166 Per
915 2132 980 2167 hoc
1007 2133 1273 2168 instrumentum
1300 2139 1416 2180 pateat
1438 2154 1443 2160 ·
1466 2134 1555 2181 quod
1586 2146 1676 2169 anno
1702 2135 1744 2169 ab

287 2189 528 2224 incarnacione
548 2190 688 2238 Dominj
710 2192 890 2227 millesimo
919 2194 1632 2242 quadringentesimoseptuagesimoprimo
1651 2208 1744 2230 men-

289 2248 335 2282 sis
354 2248 438 2295 Maij
460 2249 514 2283 die
534 2263 617 2284 vero
637 2251 733 2298 xxiiij
758 2273 763 2278 -
787 2253 826 2286 In
847 2254 911 2300 mej
938 2254 1061 2301 notarij
1088 2255 1214 2301 publicj
1244 2262 1278 2290 et
1307 2255 1577 2302 subscriptorum
1605 2257 1743 2291 testium

289 2309 471 2356 presencia
499 2312 726 2355 personaliter
744 2314 951 2348 constitutus
973 2335 979 2340 -
1003 2315 1186 2361 religiosus
1204 2316 1257 2350 vir
1286 2316 1408 2351 Frater
1433 2316 1611 2352 Johannes
1640 2317 1744 2352 Mure
