1922 2764
259 248 304 279 42
585 244 741 279 LIBER
767 244 1015 281 ECCLESIE
1044 244 1383 281 COLLEGIATE

258 341 366 375 donar
385 354 430 375 ex
447 341 587 375 australi
605 341 759 388 partibus
775 350 784 378 l
801 342 890 377 Item
908 355 1010 377 Vnam
1029 342 1137 389 rigam
1156 348 1250 377 terre
1270 341 1471 388 campestris
1485 342 1660 388 jacentem
1678 342 1713 376 in

259 401 451 436 Brvmelaw
483 401 574 436 inter
603 407 714 436 terras
745 402 915 449 quondam
949 402 1115 437 Willelmi
1148 402 1293 436 Walker
1325 408 1360 436 et
1394 414 1485 436 nunc
1517 402 1713 450 Collegiate

258 462 416 496 Ecclesie
435 461 544 497 Beate
571 461 685 497 Marie
706 462 865 509 Virginis
889 468 923 497 et
942 462 1048 497 Anne
1074 462 1192 497 matris
1215 462 1289 496 eius
1308 474 1353 496 ex
1371 462 1530 497 orientali
1549 468 1584 498 et
1601 469 1713 499 terras

256 522 337 556 olim
353 522 376 558 J
379 522 523 557 ohannis
539 523 653 558 lVann
669 535 715 558 ex
728 523 932 558 occidentali
946 523 1100 570 partibus
1118 531 1126 558 Ι
1143 522 1230 557 Item
1246 535 1345 556 vnam
1362 535 1472 556 acram
1487 530 1581 558 terre
1596 524 1712 570 jacen-

255 589 324 617 tem
350 583 384 617 in
413 583 604 618 Brvmelaw
634 583 725 618 inter
749 590 859 618 terras
884 583 966 617 dicti
991 583 1070 617 olim
1091 582 1261 618 Johannis
1283 582 1396 617 Wann
1421 595 1466 617 ex
1494 584 1652 619 orientali
1678 591 1713 619 et

256 649 365 678 terras
384 643 464 678 olim
490 644 584 678 Petri
606 644 719 678 Adam
739 657 784 678 ex
802 643 1007 678 occidentali
1035 643 1190 689 partibus
1207 651 1215 679 l
1232 643 1320 677 Item
1347 656 1448 678 vnam
1475 644 1572 679 aliam
1601 645 1710 691 rigam

255 714 348 739 terre
374 705 547 751 jacentem
571 704 605 738 in
631 704 751 739 eadem
778 704 887 739 crofta
911 704 1002 738 inter
1021 710 1133 738 terras
1153 703 1235 738 dicti
1253 703 1332 738 olim
1354 704 1523 740 Johannis
1544 705 1657 740 Wann
1677 712 1712 740 et

254 778 345 800 nunc
364 765 499 799 Thome
521 765 739 811 Steynsoune
755 777 800 799 ex
818 764 977 799 orientali
992 770 1028 799 et
1045 770 1156 798 terras
1175 764 1336 798 Fratrum
1356 764 1614 800 Predicatorum
1629 766 1710 801 ciui-

253 825 332 860 tatis
351 825 581 872 Glasguensis
600 838 645 859 ex
663 824 868 859 occidentali
887 824 1042 871 partibus
1059 833 1068 860 l
1087 824 1157 865 Qui
1177 837 1261 859 vero
1275 825 1473 871 capellanus
1491 833 1710 872 presentatus

252 886 296 920 ad
326 886 470 920 eandem
501 886 715 932 prebendam
748 898 811 920 seu
837 885 1060 932 capellaniam
1093 885 1302 920 ministrabit
1328 898 1390 932 per
1417 886 1529 921 omnia
1555 887 1590 920 in
1619 887 1711 921 dicta

254 946 450 993 Collegiata
468 946 626 981 Ecclesia
645 946 754 980 Beate
774 945 887 980 Marie
904 945 1065 993 Virginis
1084 952 1122 980 vt
1139 946 1173 980 in
1193 959 1269 980 mea
1287 947 1489 993 precedenti
1508 947 1710 982 fundatione

252 1007 376 1053 prioris
394 1006 573 1053 prebende
591 1015 599 1042 l
618 1006 663 1041 Et
681 1006 773 1053 quod
796 1007 932 1053 patroni
959 1007 1108 1054 predicti
1135 1007 1387 1054 presentabunt
1405 1007 1578 1054 ydoneum
1598 1009 1709 1056 capel-

253 1067 366 1102 lanum
385 1080 445 1102 seu
464 1067 732 1114 prebendarium
752 1073 789 1102 vt
806 1067 841 1101 in
860 1067 951 1102 dicta
968 1067 1075 1114 priori
1094 1068 1296 1102 fundatione
1311 1075 1453 1103 cauetur
1472 1069 1505 1102 in
1526 1069 1682 1104 omnibus
1699 1078 1708 1105 l

254 1127 482 1162 Reseruando
512 1127 614 1162 michi
645 1128 883 1175 quoaduixero
913 1141 976 1175 pro
1002 1133 1075 1163 toto
1104 1135 1260 1175 tempore
1291 1128 1361 1164 vite
1392 1141 1468 1164 mee
1496 1130 1648 1176 proficua
1675 1137 1710 1165 et

251 1188 471 1222 emolimenta
505 1188 673 1222 dictorum
705 1194 982 1223 tenementorum
1017 1201 1208 1223 annuorum
1243 1189 1438 1224 reddituum
1470 1196 1639 1225 terrarum
1671 1203 1709 1226 ac

251 1249 363 1283 omnia
381 1249 447 1283 alia
465 1255 500 1283 et
517 1249 654 1295 singula
677 1255 713 1284 vt
735 1250 769 1283 in
794 1249 887 1285 dicta
908 1263 984 1285 mea
1005 1251 1115 1298 prima
1140 1250 1342 1285 fundatione
1370 1257 1593 1286 reseruantur
1610 1260 1617 1287 l
1636 1251 1709 1286 Ad-

250 1310 365 1344 missio
384 1322 468 1344 vero
487 1309 656 1344 dictorum
674 1322 829 1345 meorum
847 1311 1156 1357 prebendariorum
1176 1312 1219 1346 ad
1239 1311 1455 1358 Prepositum
1475 1312 1565 1347 dicte
1586 1312 1706 1347 Eccle-

250 1371 298 1406 sie
315 1371 511 1418 Collegiate
531 1377 566 1405 et
582 1371 617 1405 in
633 1371 708 1406 eius
725 1371 882 1406 absentia
899 1372 940 1406 ad
960 1371 1229 1418 pre[sidentem]
1252 1373 1421 1419 spectabit
1440 1379 1475 1407 et
1492 1373 1681 1419 pertinebit
1697 1383 1706 1409 l

250 1431 305 1465 IN
332 1431 561 1471 QUORUM
580 1432 729 1466 omnium
750 1437 785 1466 et
803 1432 1016 1478 singulorum
1035 1432 1136 1467 fidem
1157 1438 1192 1467 et
1209 1433 1441 1467 testimonium
1462 1433 1705 1479 premissorum

250 1491 435 1538 subscripsi
454 1498 635 1538 presentes
653 1504 730 1526 mea
746 1492 895 1527 manuali
914 1492 1167 1539 subscriptione
1189 1493 1297 1539 Apud
1315 1493 1490 1528 ciuitatem
1509 1493 1705 1540 Glasguen-

250 1564 320 1586 sem
347 1552 403 1586 die
430 1552 599 1598 vigesimo
626 1553 753 1587 mensis
780 1553 900 1587 Martii
927 1565 1017 1587 anno
1046 1553 1189 1587 Domini
1220 1553 1400 1588 millesimo
1427 1554 1705 1601 quingentesimo

249 1613 511 1658 quadragesimo
530 1618 652 1648 octauo
704 1613 830 1648 Coram
848 1613 913 1647 hiis
933 1613 1078 1648 testibus
1097 1613 1288 1648 venerabili
1317 1620 1353 1648 et
1381 1615 1525 1661 egregio
1546 1615 1619 1649 viro
1638 1628 1704 1650 ma-

247 1673 356 1719 gistro
382 1674 513 1709 Jacobo
542 1674 751 1709 Houstoune
779 1674 976 1709 subdecano
995 1674 1142 1709 ecclesie
1161 1674 1425 1722 metropolitane
1447 1675 1704 1722 Glasguensisl

249 1734 412 1780 magistro
438 1734 598 1770 Johanne
627 1734 836 1769 Houstoune
862 1735 991 1770 vicario
1012 1735 1056 1770 de
1083 1734 1227 1782 Dunlop
1252 1744 1261 1771 l
1281 1742 1316 1770 et
1334 1735 1471 1770 domino
1491 1736 1705 1772 Archibaldo

252 1794 430 1829 Wilsoune
450 1795 628 1842 capellano
650 1816 656 1821 ·
682 1795 794 1842 Super
813 1795 936 1842 quibus
954 1796 1112 1831 omnibus
1131 1802 1166 1831 et
1184 1796 1330 1842 singulis
1348 1809 1414 1843 ego
1433 1797 1590 1831 dominus
1611 1797 1703 1832 Mar-

248 1854 339 1888 tinus
360 1854 450 1889 Reid
469 1867 489 1889 a
506 1855 652 1889 dominis
671 1855 813 1890 notariis
840 1856 1041 1903 subscriptis
1059 1856 1144 1903 petii
1164 1862 1199 1891 et
1217 1857 1382 1903 requisiui
1401 1870 1504 1892 vnum
1524 1858 1580 1892 vel
1607 1859 1704 1905 plura

247 1915 419 1962 publicum
445 1928 505 1950 seu
530 1915 668 1963 publica
690 1915 957 1951 instrumentum
982 1923 1017 1952 et
1039 1917 1266 1952 instrumenta
1313 1917 1383 1952 Sub
1401 1930 1492 1952 anno
1510 1918 1566 1952 die
1585 1931 1702 1953 mense

248 1975 440 2010 Indictione
460 1982 495 2010 et
512 1976 714 2022 pontificatu
733 1977 974 2024 suprascriptis
992 1987 1000 2013 Ι

345 2097 399 2130 Ita
417 2103 470 2132 est
489 2097 662 2132 Martinus
682 2097 773 2133 Reid
791 2098 953 2134 fundator
972 2099 1148 2146 predictus
1166 2111 1267 2133 manu
1287 2099 1426 2146 propria
1443 2100 1645 2147 subscripsit
