1922 2764
283 279 349 314 194
704 271 1033 307 MUNIMENTA
1061 270 1320 306 FRATRUM

278 385 401 432 quibus
419 384 494 431 ipse
513 383 671 418 dominus
691 382 790 417 Prior
809 396 828 417 a
847 395 899 416 me
921 381 1053 416 notario
1073 380 1210 428 publico
1228 379 1334 427 peciit
1353 379 1417 414 sibi
1436 379 1509 426 fierj
1535 379 1741 413 instrumen-

277 452 347 481 tum
399 445 490 480 Acta
520 451 619 479 erant
648 444 714 479 hec
745 456 849 490 super
880 443 953 478 sola
983 442 1151 476 dictorum
1183 446 1462 475 tenementorum
1485 460 1490 466 ·
1516 439 1741 474 Presentibus

277 508 404 543 ibidem
423 507 562 541 domino
578 506 755 541 Willelmo
770 505 873 540 Blare
889 503 1023 538 notario
1038 502 1176 550 publico
1201 502 1339 536 domino
1357 501 1562 536 Alexandro
1578 500 1741 536 Menteth

277 569 456 616 capellano
498 567 659 604 Johanne
678 567 847 613 Forsytht
890 564 1136 600 Ber-tholomeo
1159 563 1322 598 Renfrew
1363 563 1524 599 Johanne
1546 562 1687 609 Nutsyll
1708 570 1743 597 et

279 629 454 664 Willelmo
476 629 622 664 Stewart
640 641 715 662 cum
744 627 859 662 multis
889 626 965 660 aliis
993 625 1139 660 testibus
1162 645 1167 651 ·
1192 624 1308 659 Dauid
1330 624 1583 671 Cunynghamc
1613 623 1739 658 arcium

277 691 442 738 magistro
460 690 724 738 presbiteroque
748 687 961 735 Glasguensi
980 687 1114 722 notario
1134 687 1270 734 publico
1293 708 1298 712 ·

279 876 549 910 Instrumentum
569 873 671 919 annuj
693 872 849 907 redditus
868 884 931 906 sex
951 871 1136 906 solidorum
1157 877 1192 906 et
1211 871 1267 917 viij
1289 871 1506 906 denariorum
1532 883 1594 917 per
1612 870 1739 907 Johan-

278 949 356 971 nen]
381 935 489 982 Hynd
507 935 617 969 ciuem
640 933 895 980 Glasguenscin

279 1029 334 1094 In
355 1060 424 1094 Dei
445 1060 582 1094 nomine
610 1072 707 1094 amen
736 1072 798 1106 per
816 1059 881 1093 hoc
913 1059 1178 1094 instrumentum
1209 1065 1325 1106 pateat
1344 1059 1434 1105 quod
1467 1071 1556 1093 anno
1588 1058 1741 1093 incarna-

279 1121 387 1155 cionis
406 1121 591 1155 Dominice
623 1120 803 1155 millesimo
835 1120 1177 1167 quadringentesimo
1208 1120 1443 1166 octuagesimo
1474 1120 1582 1154 tercio
1614 1120 1741 1155 mensis

279 1182 487 1217 Decembris
507 1182 561 1216 dic
581 1195 665 1216 uero
684 1194 776 1216 nono
821 1181 860 1215 In
882 1181 946 1228 mej
968 1181 1092 1228 notarij
1114 1181 1240 1228 publici
1257 1187 1292 1215 et
1309 1180 1449 1215 testium
1469 1181 1740 1228 subscriptorum

278 1244 459 1291 presencia
477 1243 706 1291 personaliter
721 1243 928 1278 constitutus
946 1243 1112 1290 prouidus
1127 1243 1179 1277 vir
1193 1242 1373 1278 Johannes
1390 1242 1521 1289 Hynde
1541 1242 1626 1277 ciuis
1640 1242 1741 1278 Glas-

277 1305 422 1352 guensis
441 1318 517 1340 cum
537 1304 713 1352 expressis
733 1317 905 1339 consensu
933 1310 968 1339 et
999 1317 1142 1339 assensu
1163 1304 1346 1350 Mergretc
1380 1303 1492 1338 Rosse
1525 1316 1650 1350 sponse
1680 1317 1740 1338 sue

277 1379 411 1401 necnon
434 1366 587 1401 Cristine
611 1366 740 1412 Hynde
760 1372 795 1400 et
815 1365 997 1412 Mergi-etc
1021 1365 1151 1412 Hynde
1171 1365 1314 1400 filiarum
1335 1371 1370 1400 et
1390 1365 1555 1400 heredum
1571 1365 1739 1400 dictorum

277 1427 446 1463 Johannis
461 1434 496 1462 et
516 1427 699 1474 Mergrete
717 1435 725 1463 1
741 1440 803 1474 pro
819 1427 928 1461 salute
944 1427 1056 1461 anime
1076 1439 1136 1461 suc
1153 1426 1270 1461 vxoris
1289 1426 1433 1461 filiarum
1451 1433 1484 1460 et
1504 1439 1741 1461 successorum

279 1488 466 1523 eorundem
485 1497 493 1524 l
509 1488 641 1535 legauit
654 1488 751 1523 dedit
766 1495 800 1522 ct
815 1487 1005 1534 assignauit
1020 1488 1276 1523 venerabilibus
1292 1494 1326 1522 et
1341 1488 1513 1535 religiosis
1530 1489 1612 1523 viris
1629 1488 1739 1536 Fratrj

279 1549 396 1584 Dauid
417 1549 532 1596 Crage
555 1549 663 1596 Priorj
686 1549 844 1583 Fratrum
869 1548 1124 1583 predicatorum
1145 1549 1294 1583 ciuitatis
1316 1548 1547 1595 Glasguensis
1575 1562 1637 1596 pro
1657 1556 1740 1583 tem-

278 1624 362 1658 pore
379 1619 388 1647 Ι
404 1611 480 1645 loco
499 1616 534 1644 et
552 1610 738 1656 conuentuj
760 1610 914 1644 eiusdem
941 1622 1005 1656 pro
1024 1622 1092 1643 vno
1111 1609 1204 1643 obitu
1237 1609 1411 1644 annuatim
1441 1622 1502 1656 per
1533 1609 1684 1644 Priorem
1705 1618 1739 1644 et

280 1678 488 1706 conuentum
508 1671 661 1706 eiusdem
682 1671 891 1705 celebrando
911 1670 943 1704 in
965 1670 1123 1705 Ecclesia
1143 1670 1299 1704 Fratrum
1324 1670 1581 1705 Predicatoruin
1608 1678 1645 1705 ut
1664 1684 1739 1718 pre-

280 1733 451 1770 mittitur!
468 1745 528 1768 sex
549 1733 677 1767 solidos
696 1738 732 1767 et
750 1739 827 1767 octo
848 1732 1007 1766 denarios
1026 1732 1128 1777 annnj
1151 1731 1306 1766 redditus
1326 1731 1451 1766 vsualis
1475 1738 1612 1766 monete
1641 1733 1740 1779 regni

283 1794 402 1828 Scocie
430 1793 596 1828 leuandos
623 1793 797 1828 annuatim
819 1800 853 1827 et
880 1792 1122 1840 percipiendos
1155 1805 1216 1839 per
1243 1792 1395 1839 prefatos
1424 1792 1578 1826 Priorem
1608 1799 1643 1827 et
1662 1805 1740 1827 con-

280 1862 422 1890 uentum
442 1868 502 1890 seu
523 1855 710 1890 eorundem
730 1860 987 1901 procuratorem
1008 1854 1051 1888 de
1070 1866 1138 1887 vno
1157 1860 1357 1888 tenemento
1377 1866 1438 1887 suo
1453 1853 1591 1900 jacente
1612 1853 1644 1887 in
1665 1853 1741 1888 vico

284 1917 408 1951 Sancte
428 1916 561 1951 Tenew
581 1929 624 1951 ex
643 1923 741 1963 parte
760 1915 899 1950 australi
920 1915 1073 1949 eiusdem
1093 1914 1183 1948 inter
1203 1921 1402 1949 tenementa
1432 1914 1600 1950 ‘Iohannis
1623 1915 1741 1949 Schaw

282 1990 324 2012 ex
344 1977 503 2012 orientali
522 1984 557 2012 et
573 1976 738 2011 Willelmi
759 1976 905 2011 Brownc
926 1975 1130 2022 tegulatoris
1145 1987 1189 2010 ex
1205 1975 1407 2010 occidentali
1426 1975 1602 2022 perpetuis
1618 1975 1741 2010 futuris

1017 2036 1262 2070 hereditarium
1288 2036 1390 2083 annuj
1411 2037 1567 2071 redditus
1595 2037 1742 2083 predicti

282 2038 493 2085 temporibus
539 2037 596 2072 Ad
616 2037 852 2084 cuiusquidcm
873 2044 996 2071 statum

282 2099 428 2133 dandum
458 2099 558 2133 dictis
590 2099 700 2133 Priori
729 2107 764 2133 et
795 2098 980 2133 conuentui
1014 2105 1050 2132 nt
1080 2099 1254 2145 prefertur
1285 2098 1365 2133 dicti
1397 2098 1575 2134 Johannes
1609 2099 1741 2145 Hynde

282 2160 465 2203 Mergi-eta
503 2148 654 2194 (Ti-istina
676 2167 710 2194 et
730 2160 912 2207 Mergi-eta
931 2160 1187 2194 constituerunt
1201 2159 1368 2206 -prouidos
1388 2159 1479 2194 viros
1502 2160 1739 2194 Alexandrum

282 2220 429 2254 Browne
462 2227 496 2254 et
516 2221 683 2254 Thomain
714 2221 791 2254 Rob
818 2221 912 2255 ciues
935 2220 1175 2267 Glasguenses
1204 2233 1282 2254 suos
1309 2227 1550 2267 procuratores
1573 2241 1579 2247 ι
1604 2221 1740 2261 Quibus

281 2281 329 2315 sic
349 2281 496 2327 peractis
515 2281 625 2315 dictus
647 2281 851 2316 Alexander
880 2281 1026 2315 Browne
1046 2294 1108 2328 per
1139 2281 1174 2328 ly
1205 2281 1291 2328 hesp
1323 2289 1357 2315 et
1389 2282 1510 2328 stupile
1543 2290 1577 2316 et
1607 2281 1739 2327 denarij

282 2340 504 2375 tradicionem
525 2341 634 2375 dictos
654 2354 714 2376 sex
734 2342 861 2376 solidos
881 2348 915 2376 et
938 2348 1014 2376 octo
1033 2342 1193 2376 denarios
1225 2343 1326 2388 annuj
1349 2343 1503 2377 redditus
1522 2342 1554 2376 in
1587 2342 1739 2377 manibus
