<?xml version="1.0" encoding="UTF-8"?>
<!DOCTYPE html PUBLIC "-//W3C//DTD XHTML 1.0 Transitional//EN"
    "http://www.w3.org/TR/xhtml1/DTD/xhtml1-transitional.dtd">
<html xmlns="http://www.w3.org/1999/xhtml" xml:lang="en" lang="en">
 <head>
  <title>
</title>
<meta http-equiv="Content-Type" content="text/html;charset=utf-8" />
  <meta name='ocr-system' content='tesseract 3.04.00' />
  <meta name='ocr-capabilities' content='ocr_page ocr_carea ocr_par ocr_line ocrx_word'/>
</head>
<body>
  <div class='ocr_page' id='page_1' title='image "./libercollegiinos00mait_0221.png"; bbox 0 0 1922 2764; ppageno 0'>
   <div class='ocr_carea' id='block_1_1' title="bbox 667 240 1724 279">
    <p class='ocr_par' dir='ltr' id='par_1_1' title="bbox 667 240 1724 279">
     <span class='ocr_line' id='line_1_1' title="bbox 667 240 1724 279; baseline 0.005 -5"><span class='ocrx_word' id='word_1_1' title='bbox 667 240 707 274; x_wconf 92' lang='grc' dir='ltr'>Β.</span> <span class='ocrx_word' id='word_1_2' title='bbox 738 240 783 275; x_wconf 89' lang='lat' dir='ltr'>V.</span> <span class='ocrx_word' id='word_1_3' title='bbox 813 240 982 275; x_wconf 81' lang='lat' dir='ltr'>MARIE</span> <span class='ocrx_word' id='word_1_4' title='bbox 1010 241 1078 275; x_wconf 90' lang='lat' dir='ltr'>ET</span> <span class='ocrx_word' id='word_1_5' title='bbox 1107 242 1141 276; x_wconf 90' lang='lat' dir='ltr'>S.</span> <span class='ocrx_word' id='word_1_6' title='bbox 1171 242 1330 277; x_wconf 86' lang='lat' dir='ltr'><strong>ANNE.</strong></span> <span class='ocrx_word' id='word_1_7' title='bbox 1660 250 1724 279; x_wconf 88' lang='lat'>115</span> 
     </span>
    </p>
   </div>
   <div class='ocr_carea' id='block_1_2' title="bbox 258 338 1726 2323">
    <p class='ocr_par' dir='ltr' id='par_1_2' title="bbox 258 338 1726 2323">
     <span class='ocr_line' id='line_1_2' title="bbox 266 338 1725 387; baseline 0.003 -15"><span class='ocrx_word' id='word_1_8' title='bbox 266 338 390 385; x_wconf 73' lang='lat' dir='ltr'>preFati</span> <span class='ocrx_word' id='word_1_9' title='bbox 418 339 586 375; x_wconf 81' lang='lat' dir='ltr'>Johannis</span> <span class='ocrx_word' id='word_1_10' title='bbox 609 339 744 385; x_wconf 83' lang='lat' dir='ltr'>Glasgu</span> <span class='ocrx_word' id='word_1_11' title='bbox 774 351 819 373; x_wconf 87' lang='lat' dir='ltr'>ex</span> <span class='ocrx_word' id='word_1_12' title='bbox 848 339 979 373; x_wconf 87' lang='lat' dir='ltr'>boreali</span> <span class='ocrx_word' id='word_1_13' title='bbox 1008 346 1044 373; x_wconf 84' lang='lat' dir='ltr'>et</span> <span class='ocrx_word' id='word_1_14' title='bbox 1072 347 1182 374; x_wconf 83' lang='lat' dir='ltr'>terras</span> <span class='ocrx_word' id='word_1_15' title='bbox 1213 340 1358 374; x_wconf 85' lang='lat' dir='ltr'>Andree</span> <span class='ocrx_word' id='word_1_16' title='bbox 1379 340 1486 387; x_wconf 88' lang='lat' dir='ltr'>Craig</span> <span class='ocrx_word' id='word_1_17' title='bbox 1513 355 1556 376; x_wconf 86' lang='lat' dir='ltr'>ex</span> <span class='ocrx_word' id='word_1_18' title='bbox 1585 344 1725 377; x_wconf 82' lang='lat' dir='ltr'>australi</span> 
     </span>
     <span class='ocr_line' id='line_1_3' title="bbox 265 399 1725 448; baseline 0.004 -16"><span class='ocrx_word' id='word_1_19' title='bbox 265 399 420 445; x_wconf 87' lang='lat' dir='ltr'>partibus</span> <span class='ocrx_word' id='word_1_20' title='bbox 437 409 445 435; x_wconf 85' lang='lat' dir='ltr'><em>s</em></span> <span class='ocrx_word' id='word_1_21' title='bbox 463 399 549 434; x_wconf 77' lang='lat' dir='ltr'>Item</span> <span class='ocrx_word' id='word_1_22' title='bbox 578 400 620 434; x_wconf 85' lang='lat' dir='ltr'>ad</span> <span class='ocrx_word' id='word_1_23' title='bbox 645 400 815 446; x_wconf 84' lang='lat' dir='ltr'>quoddam</span> <span class='ocrx_word' id='word_1_24' title='bbox 835 406 1071 434; x_wconf 73' lang='lat' dir='ltr'><strong>tenementum</strong></span> <span class='ocrx_word' id='word_1_25' title='bbox 1098 407 1178 435; x_wconf 87' lang='lat' dir='ltr'>ante</span> <span class='ocrx_word' id='word_1_26' title='bbox 1206 407 1241 435; x_wconf 91' lang='lat' dir='ltr'>et</span> <span class='ocrx_word' id='word_1_27' title='bbox 1268 407 1362 435; x_wconf 88' lang='lat' dir='ltr'>retro</span> <span class='ocrx_word' id='word_1_28' title='bbox 1390 409 1548 448; x_wconf 77' lang='lat' dir='ltr'>spectans</span> <span class='ocrx_word' id='word_1_29' title='bbox 1579 403 1725 438; x_wconf 84' lang='lat' dir='ltr'>Patricio</span> 
     </span>
     <span class='ocr_line' id='line_1_4' title="bbox 267 459 1724 508; baseline 0.003 -15"><span class='ocrx_word' id='word_1_30' title='bbox 267 459 384 493; x_wconf 87' lang='lat' dir='ltr'>Millar</span> <span class='ocrx_word' id='word_1_31' title='bbox 408 460 528 506; x_wconf 73' lang='lat' dir='ltr'>jacens</span> <span class='ocrx_word' id='word_1_32' title='bbox 556 473 599 494; x_wconf 81' lang='lat' dir='ltr'>ex</span> <span class='ocrx_word' id='word_1_33' title='bbox 626 467 723 507; x_wconf 88' lang='lat' dir='ltr'>parte</span> <span class='ocrx_word' id='word_1_34' title='bbox 751 460 910 495; x_wconf 73' lang='lat' dir='ltr'>orientali</span> <span class='ocrx_word' id='word_1_35' title='bbox 937 460 1070 508; x_wconf 86' lang='lat' dir='ltr'>prefate</span> <span class='ocrx_word' id='word_1_36' title='bbox 1093 461 1282 495; x_wconf 85' lang='lat' dir='ltr'>eommunis</span> <span class='ocrx_word' id='word_1_37' title='bbox 1302 461 1355 495; x_wconf 90' lang='lat' dir='ltr'>vie</span> <span class='ocrx_word' id='word_1_38' title='bbox 1375 474 1440 508; x_wconf 89' lang='lat' dir='ltr'>que</span> <span class='ocrx_word' id='word_1_39' title='bbox 1461 463 1554 497; x_wconf 81' lang='lat' dir='ltr'>ducit</span> <span class='ocrx_word' id='word_1_40' title='bbox 1572 476 1591 497; x_wconf 94' lang='lat' dir='ltr'>a</span> <span class='ocrx_word' id='word_1_41' title='bbox 1612 463 1724 498; x_wconf 86' lang='lat' dir='ltr'>Cruce</span> 
     </span>
     <span class='ocr_line' id='line_1_5' title="bbox 265 519 1725 568; baseline 0.003 -14"><span class='ocrx_word' id='word_1_42' title='bbox 265 519 380 554; x_wconf 86' lang='lat' dir='ltr'>Forali</span> <span class='ocrx_word' id='word_1_43' title='bbox 398 521 441 554; x_wconf 86' lang='lat' dir='ltr'>ad</span> <span class='ocrx_word' id='word_1_44' title='bbox 462 521 600 555; x_wconf 78' lang='lat' dir='ltr'>Portam</span> <span class='ocrx_word' id='word_1_45' title='bbox 621 521 822 556; x_wconf 82' lang='lat' dir='ltr'><strong>Australem</strong></span> <span class='ocrx_word' id='word_1_46' title='bbox 842 522 973 556; x_wconf 86' lang='lat' dir='ltr'>debens</span> <span class='ocrx_word' id='word_1_47' title='bbox 1000 521 1176 556; x_wconf 81' lang='lat' dir='ltr'>annuatim</span> <span class='ocrx_word' id='word_1_48' title='bbox 1194 521 1338 568; x_wconf 85' lang='lat' dir='ltr'>triginta</span> <span class='ocrx_word' id='word_1_49' title='bbox 1364 522 1492 556; x_wconf 83' lang='lat' dir='ltr'>solidos</span> <span class='ocrx_word' id='word_1_50' title='bbox 1518 524 1621 557; x_wconf 86' lang='lat' dir='ltr'>annui</span> <span class='ocrx_word' id='word_1_51' title='bbox 1649 525 1725 559; x_wconf 84' lang='lat' dir='ltr'>red-</span> 
     </span>
     <span class='ocr_line' id='line_1_6' title="bbox 264 580 1725 630; baseline 0.004 -17"><span class='ocrx_word' id='word_1_52' title='bbox 264 580 355 614; x_wconf 87' lang='lat' dir='ltr'>ditus</span> <span class='ocrx_word' id='word_1_53' title='bbox 375 593 419 615; x_wconf 82' lang='lat' dir='ltr'>ex</span> <span class='ocrx_word' id='word_1_54' title='bbox 437 594 505 615; x_wconf 86' lang='lat' dir='ltr'>vno</span> <span class='ocrx_word' id='word_1_55' title='bbox 533 581 641 616; x_wconf 87' lang='lat' dir='ltr'>latere</span> <span class='ocrx_word' id='word_1_56' title='bbox 668 588 767 628; x_wconf 90' lang='lat' dir='ltr'>porte</span> <span class='ocrx_word' id='word_1_57' title='bbox 795 582 877 616; x_wconf 81' lang='lat' dir='ltr'>dicti</span> <span class='ocrx_word' id='word_1_58' title='bbox 907 582 1097 617; x_wconf 88' lang='lat' dir='ltr'>tenementi</span> <span class='ocrx_word' id='word_1_59' title='bbox 1124 588 1204 617; x_wconf 90' lang='lat' dir='ltr'>ante</span> <span class='ocrx_word' id='word_1_60' title='bbox 1232 588 1267 617; x_wconf 91' lang='lat' dir='ltr'>et</span> <span class='ocrx_word' id='word_1_61' title='bbox 1293 587 1388 616; x_wconf 85' lang='lat' dir='ltr'>retro</span> <span class='ocrx_word' id='word_1_62' title='bbox 1411 589 1447 616; x_wconf 91' lang='lat' dir='ltr'>et</span> <span class='ocrx_word' id='word_1_63' title='bbox 1473 583 1556 617; x_wconf 87' lang='lat' dir='ltr'>alios</span> <span class='ocrx_word' id='word_1_64' title='bbox 1583 584 1725 630; x_wconf 87' lang='lat' dir='ltr'>triginta</span> 
     </span>
     <span class='ocr_line' id='line_1_7' title="bbox 265 640 1725 689; baseline 0.003 -15"><span class='ocrx_word' id='word_1_65' title='bbox 265 640 393 675; x_wconf 87' lang='lat' dir='ltr'>solidos</span> <span class='ocrx_word' id='word_1_66' title='bbox 412 653 458 675; x_wconf 79' lang='lat' dir='ltr'>ex</span> <span class='ocrx_word' id='word_1_67' title='bbox 476 641 542 675; x_wconf 92' lang='lat' dir='ltr'>alio</span> <span class='ocrx_word' id='word_1_68' title='bbox 562 641 671 676; x_wconf 85' lang='lat' dir='ltr'>latere</span> <span class='ocrx_word' id='word_1_69' title='bbox 690 649 789 689; x_wconf 90' lang='lat' dir='ltr'>porte</span> <span class='ocrx_word' id='word_1_70' title='bbox 809 642 890 677; x_wconf 84' lang='lat' dir='ltr'>dieti</span> <span class='ocrx_word' id='word_1_71' title='bbox 913 642 1103 677; x_wconf 90' lang='lat' dir='ltr'>tenementi</span> <span class='ocrx_word' id='word_1_72' title='bbox 1130 642 1222 677; x_wconf 82' lang='lat' dir='ltr'>inter</span> <span class='ocrx_word' id='word_1_73' title='bbox 1250 650 1359 677; x_wconf 87' lang='lat' dir='ltr'>terras</span> <span class='ocrx_word' id='word_1_74' title='bbox 1387 644 1557 689; x_wconf 86' lang='lat' dir='ltr'>quondam</span> <span class='ocrx_word' id='word_1_75' title='bbox 1581 645 1725 680; x_wconf 73' lang='lat' dir='ltr'>Roberti</span> 
     </span>
     <span class='ocr_line' id='line_1_8' title="bbox 267 701 1726 750; baseline 0.003 -16"><span class='ocrx_word' id='word_1_76' title='bbox 267 701 387 747; x_wconf 85' lang='lat' dir='ltr'>Roger</span> <span class='ocrx_word' id='word_1_77' title='bbox 406 713 451 735; x_wconf 79' lang='lat' dir='ltr'>ex</span> <span class='ocrx_word' id='word_1_78' title='bbox 470 702 611 736; x_wconf 80' lang='lat' dir='ltr'>australi</span> <span class='ocrx_word' id='word_1_79' title='bbox 630 708 665 736; x_wconf 88' lang='lat' dir='ltr'>et</span> <span class='ocrx_word' id='word_1_80' title='bbox 684 708 794 737; x_wconf 84' lang='lat' dir='ltr'>terras</span> <span class='ocrx_word' id='word_1_81' title='bbox 811 703 981 739; x_wconf 87' lang='lat' dir='ltr'>Johannis</span> <span class='ocrx_word' id='word_1_82' title='bbox 1002 703 1123 738; x_wconf 87' lang='lat' dir='ltr'>Pollok</span> <span class='ocrx_word' id='word_1_83' title='bbox 1151 716 1195 738; x_wconf 84' lang='lat' dir='ltr'>ex</span> <span class='ocrx_word' id='word_1_84' title='bbox 1223 704 1353 738; x_wconf 86' lang='lat' dir='ltr'>boreali</span> <span class='ocrx_word' id='word_1_85' title='bbox 1379 704 1534 750; x_wconf 85' lang='lat' dir='ltr'>partibus</span> <span class='ocrx_word' id='word_1_86' title='bbox 1551 713 1559 740; x_wconf 83' lang='lat' dir='ltr'>l</span> <span class='ocrx_word' id='word_1_87' title='bbox 1577 705 1663 739; x_wconf 86' lang='lat' dir='ltr'>Item</span> <span class='ocrx_word' id='word_1_88' title='bbox 1683 707 1726 740; x_wconf 85' lang='lat' dir='ltr'>ad</span> 
     </span>
     <span class='ocr_line' id='line_1_9' title="bbox 264 764 1726 811; baseline 0.003 -15"><span class='ocrx_word' id='word_1_89' title='bbox 264 775 369 797; x_wconf 89' lang='lat' dir='ltr'>vnum</span> <span class='ocrx_word' id='word_1_90' title='bbox 394 769 632 797; x_wconf 82' lang='lat' dir='ltr'>tenementum</span> <span class='ocrx_word' id='word_1_91' title='bbox 661 770 820 810; x_wconf 82' lang='lat' dir='ltr'>spectans</span> <span class='ocrx_word' id='word_1_92' title='bbox 849 764 954 799; x_wconf 86' lang='lat' dir='ltr'>Petro</span> <span class='ocrx_word' id='word_1_93' title='bbox 981 765 1085 799; x_wconf 91' lang='lat' dir='ltr'>Done</span> <span class='ocrx_word' id='word_1_94' title='bbox 1110 765 1230 811; x_wconf 82' lang='lat' dir='ltr'>jacens</span> <span class='ocrx_word' id='word_1_95' title='bbox 1258 765 1291 798; x_wconf 91' lang='lat' dir='ltr'>in</span> <span class='ocrx_word' id='word_1_96' title='bbox 1312 765 1366 799; x_wconf 91' lang='lat' dir='ltr'>via</span> <span class='ocrx_word' id='word_1_97' title='bbox 1384 778 1450 811; x_wconf 92' lang='lat' dir='ltr'>que</span> <span class='ocrx_word' id='word_1_98' title='bbox 1472 765 1566 800; x_wconf 84' lang='lat' dir='ltr'>ducit</span> <span class='ocrx_word' id='word_1_99' title='bbox 1584 779 1603 799; x_wconf 87' lang='lat' dir='ltr'>a</span> <span class='ocrx_word' id='word_1_100' title='bbox 1624 766 1726 801; x_wconf 88' lang='lat' dir='ltr'>Porta</span> 
     </span>
     <span class='ocr_line' id='line_1_10' title="bbox 267 822 1725 870; baseline 0.003 -14"><span class='ocrx_word' id='word_1_101' title='bbox 267 822 424 857; x_wconf 79' lang='lat' dir='ltr'>Australi</span> <span class='ocrx_word' id='word_1_102' title='bbox 443 823 484 857; x_wconf 91' lang='lat' dir='ltr'>ad</span> <span class='ocrx_word' id='word_1_103' title='bbox 506 823 651 858; x_wconf 78' lang='lat' dir='ltr'>Pontem</span> <span class='ocrx_word' id='word_1_104' title='bbox 671 836 715 858; x_wconf 85' lang='lat' dir='ltr'>ex</span> <span class='ocrx_word' id='word_1_105' title='bbox 733 830 830 870; x_wconf 85' lang='lat' dir='ltr'>parte</span> <span class='ocrx_word' id='word_1_106' title='bbox 850 825 980 859; x_wconf 86' lang='lat' dir='ltr'>boreali</span> <span class='ocrx_word' id='word_1_107' title='bbox 999 828 1188 859; x_wconf 86' lang='lat' dir='ltr'>communis</span> <span class='ocrx_word' id='word_1_108' title='bbox 1207 825 1262 860; x_wconf 90' lang='lat' dir='ltr'>vie</span> <span class='ocrx_word' id='word_1_109' title='bbox 1278 825 1432 860; x_wconf 87' lang='lat' dir='ltr'>eiusdem</span> <span class='ocrx_word' id='word_1_110' title='bbox 1449 826 1580 860; x_wconf 88' lang='lat' dir='ltr'>debens</span> <span class='ocrx_word' id='word_1_111' title='bbox 1599 839 1725 861; x_wconf 88' lang='lat' dir='ltr'>annua-</span> 
     </span>
     <span class='ocr_line' id='line_1_11' title="bbox 264 883 1724 932; baseline 0.003 -15"><span class='ocrx_word' id='word_1_112' title='bbox 264 883 324 917; x_wconf 89' lang='lat' dir='ltr'>tim</span> <span class='ocrx_word' id='word_1_113' title='bbox 351 883 536 918; x_wconf 82' lang='lat' dir='ltr'>tresdecim</span> <span class='ocrx_word' id='word_1_114' title='bbox 564 884 692 918; x_wconf 86' lang='lat' dir='ltr'>solidos</span> <span class='ocrx_word' id='word_1_115' title='bbox 712 891 747 919; x_wconf 86' lang='lat' dir='ltr'>et</span> <span class='ocrx_word' id='word_1_116' title='bbox 768 892 914 932; x_wconf 88' lang='lat' dir='ltr'>quatuor</span> <span class='ocrx_word' id='word_1_117' title='bbox 942 886 1102 920; x_wconf 88' lang='lat' dir='ltr'>denarios</span> <span class='ocrx_word' id='word_1_118' title='bbox 1129 886 1234 920; x_wconf 92' lang='lat' dir='ltr'>annui</span> <span class='ocrx_word' id='word_1_119' title='bbox 1261 886 1417 920; x_wconf 85' lang='lat' dir='ltr'>redditus</span> <span class='ocrx_word' id='word_1_120' title='bbox 1444 886 1535 921; x_wconf 89' lang='lat' dir='ltr'>inter</span> <span class='ocrx_word' id='word_1_121' title='bbox 1554 887 1724 922; x_wconf 80' lang='lat' dir='ltr'>venellam</span> 
     </span>
     <span class='ocr_line' id='line_1_12' title="bbox 263 943 1725 993; baseline 0.003 -14"><span class='ocrx_word' id='word_1_122' title='bbox 263 943 433 979; x_wconf 86' lang='lat' dir='ltr'>Johannis</span> <span class='ocrx_word' id='word_1_123' title='bbox 468 944 577 990; x_wconf 83' lang='lat' dir='ltr'>Mayn</span> <span class='ocrx_word' id='word_1_124' title='bbox 614 957 658 979; x_wconf 85' lang='lat' dir='ltr'>ex</span> <span class='ocrx_word' id='word_1_125' title='bbox 693 944 853 980; x_wconf 85' lang='lat' dir='ltr'>orientali</span> <span class='ocrx_word' id='word_1_126' title='bbox 888 952 923 980; x_wconf 89' lang='lat' dir='ltr'>et</span> <span class='ocrx_word' id='word_1_127' title='bbox 954 952 1064 981; x_wconf 88' lang='lat' dir='ltr'>terras</span> <span class='ocrx_word' id='word_1_128' title='bbox 1094 947 1264 982; x_wconf 85' lang='lat' dir='ltr'>Johannis</span> <span class='ocrx_word' id='word_1_129' title='bbox 1302 947 1411 993; x_wconf 90' lang='lat' dir='ltr'>Ewyn</span> <span class='ocrx_word' id='word_1_130' title='bbox 1444 960 1487 982; x_wconf 86' lang='lat' dir='ltr'>ex</span> <span class='ocrx_word' id='word_1_131' title='bbox 1520 948 1725 983; x_wconf 78' lang='lat' dir='ltr'>occidentali</span> 
     </span>
     <span class='ocr_line' id='line_1_13' title="bbox 263 1004 1726 1055; baseline 0.004 -17"><span class='ocrx_word' id='word_1_132' title='bbox 263 1004 418 1050; x_wconf 87' lang='lat' dir='ltr'>partibus</span> <span class='ocrx_word' id='word_1_133' title='bbox 435 1014 443 1041; x_wconf 81' lang='lat' dir='ltr'>l</span> <span class='ocrx_word' id='word_1_134' title='bbox 460 1005 548 1040; x_wconf 83' lang='lat' dir='ltr'>Item</span> <span class='ocrx_word' id='word_1_135' title='bbox 567 1005 609 1040; x_wconf 84' lang='lat' dir='ltr'>ad</span> <span class='ocrx_word' id='word_1_136' title='bbox 629 1011 865 1040; x_wconf 85' lang='lat' dir='ltr'>tenementum</span> <span class='ocrx_word' id='word_1_137' title='bbox 884 1006 967 1041; x_wconf 86' lang='lat' dir='ltr'>dieti</span> <span class='ocrx_word' id='word_1_138' title='bbox 987 1007 1066 1041; x_wconf 88' lang='lat' dir='ltr'>olim</span> <span class='ocrx_word' id='word_1_139' title='bbox 1083 1007 1253 1043; x_wconf 89' lang='lat' dir='ltr'>Johannis</span> <span class='ocrx_word' id='word_1_140' title='bbox 1274 1007 1383 1054; x_wconf 85' lang='lat' dir='ltr'>Ewyn</span> <span class='ocrx_word' id='word_1_141' title='bbox 1400 1008 1521 1053; x_wconf 82' lang='lat' dir='ltr'>jacens</span> <span class='ocrx_word' id='word_1_142' title='bbox 1540 1008 1573 1042; x_wconf 89' lang='lat' dir='ltr'>in</span> <span class='ocrx_word' id='word_1_143' title='bbox 1593 1009 1726 1055; x_wconf 82' lang='lat' dir='ltr'>prefata</span> 
     </span>
     <span class='ocr_line' id='line_1_14' title="bbox 265 1065 1724 1115; baseline 0.004 -16"><span class='ocrx_word' id='word_1_144' title='bbox 265 1065 320 1099; x_wconf 85' lang='lat' dir='ltr'>via</span> <span class='ocrx_word' id='word_1_145' title='bbox 338 1078 404 1111; x_wconf 91' lang='lat' dir='ltr'>que</span> <span class='ocrx_word' id='word_1_146' title='bbox 424 1065 518 1100; x_wconf 85' lang='lat' dir='ltr'>ducit</span> <span class='ocrx_word' id='word_1_147' title='bbox 536 1079 555 1100; x_wconf 87' lang='lat' dir='ltr'>a</span> <span class='ocrx_word' id='word_1_148' title='bbox 576 1066 680 1100; x_wconf 91' lang='lat' dir='ltr'>Porta</span> <span class='ocrx_word' id='word_1_149' title='bbox 699 1066 856 1101; x_wconf 80' lang='lat' dir='ltr'>Australi</span> <span class='ocrx_word' id='word_1_150' title='bbox 884 1067 925 1101; x_wconf 92' lang='lat' dir='ltr'>ad</span> <span class='ocrx_word' id='word_1_151' title='bbox 953 1067 1096 1102; x_wconf 88' lang='lat' dir='ltr'>Pontem</span> <span class='ocrx_word' id='word_1_152' title='bbox 1116 1080 1160 1102; x_wconf 83' lang='lat' dir='ltr'>ex</span> <span class='ocrx_word' id='word_1_153' title='bbox 1188 1068 1317 1103; x_wconf 86' lang='lat' dir='ltr'>boreali</span> <span class='ocrx_word' id='word_1_154' title='bbox 1345 1075 1442 1115; x_wconf 89' lang='lat' dir='ltr'>parte</span> <span class='ocrx_word' id='word_1_155' title='bbox 1462 1070 1650 1104; x_wconf 86' lang='lat' dir='ltr'>eommunis</span> <span class='ocrx_word' id='word_1_156' title='bbox 1669 1071 1724 1105; x_wconf 91' lang='lat' dir='ltr'>vie</span> 
     </span>
     <span class='ocr_line' id='line_1_15' title="bbox 265 1126 1723 1172; baseline 0.003 -12"><span class='ocrx_word' id='word_1_157' title='bbox 265 1126 428 1172; x_wconf 83' lang='lat' dir='ltr'>contigue</span> <span class='ocrx_word' id='word_1_158' title='bbox 448 1127 608 1161; x_wconf 82' lang='lat' dir='ltr'>adiacens</span> <span class='ocrx_word' id='word_1_159' title='bbox 628 1127 760 1161; x_wconf 86' lang='lat' dir='ltr'>debens</span> <span class='ocrx_word' id='word_1_160' title='bbox 787 1127 961 1161; x_wconf 83' lang='lat' dir='ltr'>annuatim</span> <span class='ocrx_word' id='word_1_161' title='bbox 980 1127 1100 1163; x_wconf 81' lang='lat' dir='ltr'>decem</span> <span class='ocrx_word' id='word_1_162' title='bbox 1128 1128 1256 1162; x_wconf 87' lang='lat' dir='ltr'>solidos</span> <span class='ocrx_word' id='word_1_163' title='bbox 1275 1135 1310 1163; x_wconf 85' lang='lat' dir='ltr'>et</span> <span class='ocrx_word' id='word_1_164' title='bbox 1328 1135 1405 1163; x_wconf 80' lang='lat' dir='ltr'>octo</span> <span class='ocrx_word' id='word_1_165' title='bbox 1433 1129 1593 1164; x_wconf 86' lang='lat' dir='ltr'>denarios</span> <span class='ocrx_word' id='word_1_166' title='bbox 1620 1131 1723 1164; x_wconf 91' lang='lat' dir='ltr'>annui</span> 
     </span>
     <span class='ocr_line' id='line_1_16' title="bbox 264 1187 1723 1236; baseline 0.002 -15"><span class='ocrx_word' id='word_1_167' title='bbox 264 1187 421 1221; x_wconf 88' lang='lat' dir='ltr'>redditus</span> <span class='ocrx_word' id='word_1_168' title='bbox 440 1187 530 1222; x_wconf 88' lang='lat' dir='ltr'>inter</span> <span class='ocrx_word' id='word_1_169' title='bbox 553 1193 663 1222; x_wconf 88' lang='lat' dir='ltr'>terras</span> <span class='ocrx_word' id='word_1_170' title='bbox 691 1187 815 1234; x_wconf 85' lang='lat' dir='ltr'>prefati</span> <span class='ocrx_word' id='word_1_171' title='bbox 837 1188 930 1222; x_wconf 87' lang='lat' dir='ltr'>Petri</span> <span class='ocrx_word' id='word_1_172' title='bbox 950 1187 1054 1222; x_wconf 90' lang='lat' dir='ltr'>Done</span> <span class='ocrx_word' id='word_1_173' title='bbox 1074 1201 1118 1223; x_wconf 81' lang='lat' dir='ltr'>ex</span> <span class='ocrx_word' id='word_1_174' title='bbox 1138 1188 1297 1223; x_wconf 85' lang='lat' dir='ltr'>orientali</span> <span class='ocrx_word' id='word_1_175' title='bbox 1317 1195 1351 1223; x_wconf 91' lang='lat' dir='ltr'>et</span> <span class='ocrx_word' id='word_1_176' title='bbox 1370 1195 1480 1223; x_wconf 85' lang='lat' dir='ltr'>terras</span> <span class='ocrx_word' id='word_1_177' title='bbox 1499 1190 1581 1224; x_wconf 85' lang='lat' dir='ltr'>dieti</span> <span class='ocrx_word' id='word_1_178' title='bbox 1600 1190 1723 1236; x_wconf 86' lang='lat' dir='ltr'>magis-</span> 
     </span>
     <span class='ocr_line' id='line_1_17' title="bbox 264 1247 1723 1295; baseline 0.003 -14"><span class='ocrx_word' id='word_1_179' title='bbox 264 1247 307 1281; x_wconf 93' lang='lat' dir='ltr'>tri</span> <span class='ocrx_word' id='word_1_180' title='bbox 324 1247 445 1283; x_wconf 83' lang='lat' dir='ltr'>Jacobi</span> <span class='ocrx_word' id='word_1_181' title='bbox 466 1247 656 1282; x_wconf 85' lang='lat' dir='ltr'>fundatoris</span> <span class='ocrx_word' id='word_1_182' title='bbox 683 1261 726 1282; x_wconf 90' lang='lat' dir='ltr'>ex</span> <span class='ocrx_word' id='word_1_183' title='bbox 754 1248 960 1283; x_wconf 85' lang='lat' dir='ltr'>occidentali</span> <span class='ocrx_word' id='word_1_184' title='bbox 988 1249 1141 1295; x_wconf 87' lang='lat' dir='ltr'>partibus</span> <span class='ocrx_word' id='word_1_185' title='bbox 1158 1258 1166 1285; x_wconf 83' lang='grc' dir='ltr'><em>Ι</em></span> <span class='ocrx_word' id='word_1_186' title='bbox 1183 1249 1271 1284; x_wconf 87' lang='lat' dir='ltr'>Item</span> <span class='ocrx_word' id='word_1_187' title='bbox 1297 1250 1339 1284; x_wconf 90' lang='lat' dir='ltr'>ad</span> <span class='ocrx_word' id='word_1_188' title='bbox 1365 1263 1467 1284; x_wconf 90' lang='lat' dir='ltr'>vnum</span> <span class='ocrx_word' id='word_1_189' title='bbox 1488 1257 1723 1285; x_wconf 87' lang='lat' dir='ltr'>tenementum</span> 
     </span>
     <span class='ocr_line' id='line_1_18' title="bbox 261 1308 1723 1358; baseline 0.003 -17"><span class='ocrx_word' id='word_1_190' title='bbox 261 1308 380 1353; x_wconf 86' lang='lat' dir='ltr'>jacens</span> <span class='ocrx_word' id='word_1_191' title='bbox 408 1308 441 1342; x_wconf 91' lang='lat' dir='ltr'>in</span> <span class='ocrx_word' id='word_1_192' title='bbox 469 1308 602 1354; x_wconf 86' lang='lat' dir='ltr'>prefata</span> <span class='ocrx_word' id='word_1_193' title='bbox 628 1308 684 1343; x_wconf 89' lang='lat' dir='ltr'>via</span> <span class='ocrx_word' id='word_1_194' title='bbox 714 1321 780 1355; x_wconf 91' lang='lat' dir='ltr'>que</span> <span class='ocrx_word' id='word_1_195' title='bbox 812 1309 907 1343; x_wconf 83' lang='lat' dir='ltr'>ducit</span> <span class='ocrx_word' id='word_1_196' title='bbox 933 1322 952 1343; x_wconf 88' lang='lat' dir='ltr'>a</span> <span class='ocrx_word' id='word_1_197' title='bbox 981 1309 1084 1344; x_wconf 87' lang='lat' dir='ltr'>Porta</span> <span class='ocrx_word' id='word_1_198' title='bbox 1116 1309 1272 1344; x_wconf 86' lang='lat' dir='ltr'>Australi</span> <span class='ocrx_word' id='word_1_199' title='bbox 1303 1310 1345 1344; x_wconf 91' lang='lat' dir='ltr'>ad</span> <span class='ocrx_word' id='word_1_200' title='bbox 1380 1310 1522 1345; x_wconf 89' lang='lat' dir='ltr'>Pontem</span> <span class='ocrx_word' id='word_1_201' title='bbox 1551 1323 1596 1346; x_wconf 81' lang='lat' dir='ltr'>ex</span> <span class='ocrx_word' id='word_1_202' title='bbox 1625 1318 1723 1358; x_wconf 88' lang='lat' dir='ltr'>parte</span> 
     </span>
     <span class='ocr_line' id='line_1_19' title="bbox 263 1368 1723 1415; baseline 0.003 -13"><span class='ocrx_word' id='word_1_203' title='bbox 263 1368 395 1403; x_wconf 88' lang='lat' dir='ltr'>boreali</span> <span class='ocrx_word' id='word_1_204' title='bbox 423 1369 576 1404; x_wconf 89' lang='lat' dir='ltr'>eiusdem</span> <span class='ocrx_word' id='word_1_205' title='bbox 608 1369 698 1404; x_wconf 91' lang='lat' dir='ltr'>inter</span> <span class='ocrx_word' id='word_1_206' title='bbox 730 1375 840 1404; x_wconf 89' lang='lat' dir='ltr'>terras</span> <span class='ocrx_word' id='word_1_207' title='bbox 866 1370 995 1406; x_wconf 85' lang='lat' dir='ltr'>Jonete</span> <span class='ocrx_word' id='word_1_208' title='bbox 1028 1369 1218 1415; x_wconf 88' lang='lat' dir='ltr'>Mulyeane</span> <span class='ocrx_word' id='word_1_209' title='bbox 1247 1381 1291 1405; x_wconf 84' lang='lat' dir='ltr'>ex</span> <span class='ocrx_word' id='word_1_210' title='bbox 1319 1371 1523 1405; x_wconf 84' lang='lat' dir='ltr'>occidentali</span> <span class='ocrx_word' id='word_1_211' title='bbox 1552 1378 1587 1406; x_wconf 87' lang='lat' dir='ltr'>et</span> <span class='ocrx_word' id='word_1_212' title='bbox 1613 1378 1723 1406; x_wconf 86' lang='lat' dir='ltr'>terras</span> 
     </span>
     <span class='ocr_line' id='line_1_20' title="bbox 264 1428 1723 1477; baseline 0.003 -15"><span class='ocrx_word' id='word_1_213' title='bbox 264 1428 347 1463; x_wconf 85' lang='lat' dir='ltr'>dieti</span> <span class='ocrx_word' id='word_1_214' title='bbox 375 1429 545 1475; x_wconf 88' lang='lat' dir='ltr'>quondam</span> <span class='ocrx_word' id='word_1_215' title='bbox 564 1429 733 1466; x_wconf 83' lang='lat' dir='ltr'>Johannis</span> <span class='ocrx_word' id='word_1_216' title='bbox 762 1430 869 1476; x_wconf 79' lang='lat' dir='ltr'>Ewyn</span> <span class='ocrx_word' id='word_1_217' title='bbox 899 1443 943 1464; x_wconf 78' lang='lat' dir='ltr'>ex</span> <span class='ocrx_word' id='word_1_218' title='bbox 971 1430 1129 1464; x_wconf 84' lang='lat' dir='ltr'>orientali</span> <span class='ocrx_word' id='word_1_219' title='bbox 1156 1431 1311 1477; x_wconf 87' lang='lat' dir='ltr'>partibus</span> <span class='ocrx_word' id='word_1_220' title='bbox 1328 1439 1337 1467; x_wconf 86' lang='lat' dir='ltr'>l</span> <span class='ocrx_word' id='word_1_221' title='bbox 1354 1431 1441 1466; x_wconf 83' lang='lat' dir='ltr'>Item</span> <span class='ocrx_word' id='word_1_222' title='bbox 1461 1431 1503 1466; x_wconf 89' lang='lat' dir='ltr'>de</span> <span class='ocrx_word' id='word_1_223' title='bbox 1524 1438 1723 1467; x_wconf 85' lang='lat' dir='ltr'>tenemento</span> 
     </span>
     <span class='ocr_line' id='line_1_21' title="bbox 264 1490 1722 1540; baseline 0.002 -16"><span class='ocrx_word' id='word_1_224' title='bbox 264 1496 430 1536; x_wconf 82' lang='lat' dir='ltr'>occupato</span> <span class='ocrx_word' id='word_1_225' title='bbox 455 1490 497 1524; x_wconf 91' lang='lat' dir='ltr'>de</span> <span class='ocrx_word' id='word_1_226' title='bbox 526 1490 680 1537; x_wconf 82' lang='lat' dir='ltr'>presenti</span> <span class='ocrx_word' id='word_1_227' title='bbox 705 1503 767 1537; x_wconf 89' lang='lat' dir='ltr'>per</span> <span class='ocrx_word' id='word_1_228' title='bbox 790 1491 952 1526; x_wconf 88' lang='lat' dir='ltr'>Jonetam</span> <span class='ocrx_word' id='word_1_229' title='bbox 979 1491 1170 1537; x_wconf 87' lang='lat' dir='ltr'>Mulyeane</span> <span class='ocrx_word' id='word_1_230' title='bbox 1195 1492 1334 1537; x_wconf 84' lang='lat' dir='ltr'>jacente</span> <span class='ocrx_word' id='word_1_231' title='bbox 1359 1492 1392 1525; x_wconf 93' lang='lat' dir='ltr'>in</span> <span class='ocrx_word' id='word_1_232' title='bbox 1423 1492 1555 1538; x_wconf 86' lang='lat' dir='ltr'>prefata</span> <span class='ocrx_word' id='word_1_233' title='bbox 1577 1493 1632 1527; x_wconf 92' lang='lat' dir='ltr'>via</span> <span class='ocrx_word' id='word_1_234' title='bbox 1656 1506 1722 1540; x_wconf 90' lang='lat' dir='ltr'>que</span> 
     </span>
     <span class='ocr_line' id='line_1_22' title="bbox 264 1550 1722 1601; baseline 0.003 -17"><span class='ocrx_word' id='word_1_235' title='bbox 264 1550 358 1585; x_wconf 87' lang='lat' dir='ltr'>ducit</span> <span class='ocrx_word' id='word_1_236' title='bbox 372 1563 392 1584; x_wconf 89' lang='lat' dir='ltr'>a</span> <span class='ocrx_word' id='word_1_237' title='bbox 407 1550 511 1585; x_wconf 88' lang='lat' dir='ltr'>Porta</span> <span class='ocrx_word' id='word_1_238' title='bbox 530 1551 686 1585; x_wconf 80' lang='lat' dir='ltr'>Australi</span> <span class='ocrx_word' id='word_1_239' title='bbox 705 1551 748 1586; x_wconf 90' lang='lat' dir='ltr'>ad</span> <span class='ocrx_word' id='word_1_240' title='bbox 767 1551 914 1586; x_wconf 84' lang='lat' dir='ltr'>Pontem</span> <span class='ocrx_word' id='word_1_241' title='bbox 931 1564 975 1586; x_wconf 80' lang='lat' dir='ltr'>ex</span> <span class='ocrx_word' id='word_1_242' title='bbox 993 1558 1091 1598; x_wconf 88' lang='lat' dir='ltr'>parte</span> <span class='ocrx_word' id='word_1_243' title='bbox 1110 1552 1241 1586; x_wconf 86' lang='lat' dir='ltr'>boreali</span> <span class='ocrx_word' id='word_1_244' title='bbox 1261 1552 1414 1587; x_wconf 86' lang='lat' dir='ltr'>eiusdem</span> <span class='ocrx_word' id='word_1_245' title='bbox 1430 1553 1581 1588; x_wconf 84' lang='lat' dir='ltr'>debente</span> <span class='ocrx_word' id='word_1_246' title='bbox 1596 1566 1722 1601; x_wconf 86' lang='lat' dir='ltr'>annua-</span> 
     </span>
     <span class='ocr_line' id='line_1_23' title="bbox 264 1611 1722 1659; baseline 0.003 -15"><span class='ocrx_word' id='word_1_247' title='bbox 264 1611 324 1644; x_wconf 86' lang='lat' dir='ltr'>tim</span> <span class='ocrx_word' id='word_1_248' title='bbox 343 1617 414 1645; x_wconf 88' lang='lat' dir='ltr'>tres</span> <span class='ocrx_word' id='word_1_249' title='bbox 432 1611 537 1645; x_wconf 88' lang='lat' dir='ltr'>libras</span> <span class='ocrx_word' id='word_1_250' title='bbox 555 1611 659 1645; x_wconf 90' lang='lat' dir='ltr'>annui</span> <span class='ocrx_word' id='word_1_251' title='bbox 684 1611 840 1646; x_wconf 87' lang='lat' dir='ltr'>redditus</span> <span class='ocrx_word' id='word_1_252' title='bbox 868 1612 959 1646; x_wconf 89' lang='lat' dir='ltr'>inter</span> <span class='ocrx_word' id='word_1_253' title='bbox 978 1618 1088 1646; x_wconf 82' lang='lat' dir='ltr'>terras</span> <span class='ocrx_word' id='word_1_254' title='bbox 1107 1612 1189 1647; x_wconf 84' lang='lat' dir='ltr'>dicti</span> <span class='ocrx_word' id='word_1_255' title='bbox 1217 1613 1372 1659; x_wconf 83' lang='lat' dir='ltr'>magistri</span> <span class='ocrx_word' id='word_1_256' title='bbox 1390 1613 1511 1649; x_wconf 85' lang='lat' dir='ltr'>Jacobi</span> <span class='ocrx_word' id='word_1_257' title='bbox 1530 1614 1722 1649; x_wconf 83' lang='lat' dir='ltr'>fundatoris</span> 
     </span>
     <span class='ocr_line' id='line_1_24' title="bbox 263 1671 1718 1720; baseline 0.003 -15"><span class='ocrx_word' id='word_1_258' title='bbox 263 1684 308 1705; x_wconf 86' lang='lat' dir='ltr'>ex</span> <span class='ocrx_word' id='word_1_259' title='bbox 332 1671 490 1706; x_wconf 85' lang='lat' dir='ltr'>orientali</span> <span class='ocrx_word' id='word_1_260' title='bbox 516 1678 551 1706; x_wconf 90' lang='lat' dir='ltr'>et</span> <span class='ocrx_word' id='word_1_261' title='bbox 575 1671 710 1707; x_wconf 89' lang='lat' dir='ltr'>Thome</span> <span class='ocrx_word' id='word_1_262' title='bbox 737 1672 906 1707; x_wconf 87' lang='lat' dir='ltr'>Allasoun</span> <span class='ocrx_word' id='word_1_263' title='bbox 936 1686 981 1707; x_wconf 86' lang='lat' dir='ltr'>ex</span> <span class='ocrx_word' id='word_1_264' title='bbox 1008 1673 1213 1707; x_wconf 85' lang='lat' dir='ltr'>occidentali</span> <span class='ocrx_word' id='word_1_265' title='bbox 1241 1674 1395 1720; x_wconf 86' lang='lat' dir='ltr'>partibus</span> <span class='ocrx_word' id='word_1_266' title='bbox 1411 1683 1420 1710; x_wconf 87' lang='lat' dir='ltr'>l</span> <span class='ocrx_word' id='word_1_267' title='bbox 1437 1674 1526 1708; x_wconf 90' lang='lat' dir='ltr'>Item</span> <span class='ocrx_word' id='word_1_268' title='bbox 1552 1675 1595 1708; x_wconf 87' lang='lat' dir='ltr'>ad</span> <span class='ocrx_word' id='word_1_269' title='bbox 1617 1688 1718 1709; x_wconf 89' lang='lat' dir='ltr'>vnum</span> 
     </span>
     <span class='ocr_line' id='line_1_25' title="bbox 263 1733 1721 1780; baseline 0.002 -14"><span class='ocrx_word' id='word_1_270' title='bbox 263 1739 499 1767; x_wconf 88' lang='lat' dir='ltr'>tenementum</span> <span class='ocrx_word' id='word_1_271' title='bbox 531 1738 690 1780; x_wconf 88' lang='lat' dir='ltr'>spectans</span> <span class='ocrx_word' id='word_1_272' title='bbox 722 1734 893 1780; x_wconf 90' lang='lat' dir='ltr'>quondam</span> <span class='ocrx_word' id='word_1_273' title='bbox 923 1734 1052 1769; x_wconf 87' lang='lat' dir='ltr'>Jonete</span> <span class='ocrx_word' id='word_1_274' title='bbox 1085 1733 1184 1780; x_wconf 88' lang='lat' dir='ltr'>Boyd</span> <span class='ocrx_word' id='word_1_275' title='bbox 1212 1734 1344 1768; x_wconf 87' lang='lat' dir='ltr'>debens</span> <span class='ocrx_word' id='word_1_276' title='bbox 1375 1735 1548 1769; x_wconf 87' lang='lat' dir='ltr'>annuatim</span> <span class='ocrx_word' id='word_1_277' title='bbox 1576 1742 1721 1780; x_wconf 88' lang='lat' dir='ltr'>quatuor</span> 
     </span>
     <span class='ocr_line' id='line_1_26' title="bbox 263 1792 1720 1841; baseline 0.001 -14"><span class='ocrx_word' id='word_1_278' title='bbox 263 1792 390 1827; x_wconf 84' lang='lat' dir='ltr'>solidos</span> <span class='ocrx_word' id='word_1_279' title='bbox 410 1799 445 1827; x_wconf 92' lang='lat' dir='ltr'>et</span> <span class='ocrx_word' id='word_1_280' title='bbox 463 1800 608 1840; x_wconf 86' lang='lat' dir='ltr'>quatuor</span> <span class='ocrx_word' id='word_1_281' title='bbox 627 1793 788 1828; x_wconf 88' lang='lat' dir='ltr'>denarios</span> <span class='ocrx_word' id='word_1_282' title='bbox 806 1794 909 1828; x_wconf 90' lang='lat' dir='ltr'>annui</span> <span class='ocrx_word' id='word_1_283' title='bbox 933 1794 1090 1828; x_wconf 85' lang='lat' dir='ltr'>redditus</span> <span class='ocrx_word' id='word_1_284' title='bbox 1113 1794 1233 1840; x_wconf 80' lang='lat' dir='ltr'>jacens</span> <span class='ocrx_word' id='word_1_285' title='bbox 1258 1794 1291 1828; x_wconf 92' lang='lat' dir='ltr'>in</span> <span class='ocrx_word' id='word_1_286' title='bbox 1317 1794 1450 1840; x_wconf 84' lang='lat' dir='ltr'>prefata</span> <span class='ocrx_word' id='word_1_287' title='bbox 1468 1795 1523 1828; x_wconf 87' lang='lat' dir='ltr'>via</span> <span class='ocrx_word' id='word_1_288' title='bbox 1541 1807 1606 1841; x_wconf 91' lang='lat' dir='ltr'>que</span> <span class='ocrx_word' id='word_1_289' title='bbox 1626 1796 1720 1830; x_wconf 77' lang='lat' dir='ltr'>ducit</span> 
     </span>
     <span class='ocr_line' id='line_1_27' title="bbox 262 1853 1720 1901; baseline 0.001 -14"><span class='ocrx_word' id='word_1_290' title='bbox 262 1866 282 1888; x_wconf 92' lang='lat' dir='ltr'>a</span> <span class='ocrx_word' id='word_1_291' title='bbox 301 1853 406 1888; x_wconf 86' lang='lat' dir='ltr'>Porta</span> <span class='ocrx_word' id='word_1_292' title='bbox 425 1853 582 1888; x_wconf 83' lang='lat' dir='ltr'>Australi</span> <span class='ocrx_word' id='word_1_293' title='bbox 600 1854 642 1888; x_wconf 87' lang='lat' dir='ltr'>ad</span> <span class='ocrx_word' id='word_1_294' title='bbox 664 1854 808 1889; x_wconf 89' lang='lat' dir='ltr'>Pontem</span> <span class='ocrx_word' id='word_1_295' title='bbox 828 1867 873 1889; x_wconf 81' lang='lat' dir='ltr'>ex</span> <span class='ocrx_word' id='word_1_296' title='bbox 897 1860 994 1901; x_wconf 86' lang='lat' dir='ltr'>parte</span> <span class='ocrx_word' id='word_1_297' title='bbox 1013 1854 1153 1888; x_wconf 82' lang='lat' dir='ltr'>australi</span> <span class='ocrx_word' id='word_1_298' title='bbox 1172 1854 1359 1888; x_wconf 86' lang='lat' dir='ltr'>communis</span> <span class='ocrx_word' id='word_1_299' title='bbox 1379 1854 1433 1888; x_wconf 92' lang='lat' dir='ltr'>vie</span> <span class='ocrx_word' id='word_1_300' title='bbox 1453 1854 1605 1889; x_wconf 87' lang='lat' dir='ltr'>eiusdem</span> <span class='ocrx_word' id='word_1_301' title='bbox 1629 1855 1720 1890; x_wconf 91' lang='lat' dir='ltr'>inter</span> 
     </span>
     <span class='ocr_line' id='line_1_28' title="bbox 262 1914 1718 1961; baseline 0.001 -13"><span class='ocrx_word' id='word_1_302' title='bbox 262 1920 372 1948; x_wconf 87' lang='lat' dir='ltr'>terras</span> <span class='ocrx_word' id='word_1_303' title='bbox 391 1914 561 1960; x_wconf 90' lang='lat' dir='ltr'>quondam</span> <span class='ocrx_word' id='word_1_304' title='bbox 584 1914 728 1949; x_wconf 92' lang='lat' dir='ltr'>Andree</span> <span class='ocrx_word' id='word_1_305' title='bbox 749 1914 931 1961; x_wconf 89' lang='lat' dir='ltr'>Campbell</span> <span class='ocrx_word' id='word_1_306' title='bbox 958 1927 1001 1948; x_wconf 86' lang='lat' dir='ltr'>ex</span> <span class='ocrx_word' id='word_1_307' title='bbox 1028 1914 1187 1948; x_wconf 87' lang='lat' dir='ltr'>orientali</span> <span class='ocrx_word' id='word_1_308' title='bbox 1207 1920 1242 1948; x_wconf 87' lang='lat' dir='ltr'>et</span> <span class='ocrx_word' id='word_1_309' title='bbox 1260 1921 1370 1948; x_wconf 87' lang='lat' dir='ltr'>terras</span> <span class='ocrx_word' id='word_1_310' title='bbox 1392 1915 1562 1960; x_wconf 89' lang='lat' dir='ltr'>quondam</span> <span class='ocrx_word' id='word_1_311' title='bbox 1590 1916 1718 1950; x_wconf 88' lang='lat' dir='ltr'>domini</span> 
     </span>
     <span class='ocr_line' id='line_1_29' title="bbox 266 1974 1718 2022; baseline 0.001 -13"><span class='ocrx_word' id='word_1_312' title='bbox 266 1974 414 2021; x_wconf 83' lang='lat' dir='ltr'>Georgii</span> <span class='ocrx_word' id='word_1_313' title='bbox 433 1974 634 2009; x_wconf 83' lang='lat' dir='ltr'>Mersehiall</span> <span class='ocrx_word' id='word_1_314' title='bbox 654 1987 699 2009; x_wconf 85' lang='lat' dir='ltr'>ex</span> <span class='ocrx_word' id='word_1_315' title='bbox 718 1974 923 2009; x_wconf 81' lang='lat' dir='ltr'>occidentali</span> <span class='ocrx_word' id='word_1_316' title='bbox 942 1974 1096 2021; x_wconf 89' lang='lat' dir='ltr'>partibus</span> <span class='ocrx_word' id='word_1_317' title='bbox 1112 1983 1120 2010; x_wconf 84' lang='lat' dir='ltr'>l</span> <span class='ocrx_word' id='word_1_318' title='bbox 1138 1974 1224 2009; x_wconf 90' lang='lat' dir='ltr'>Item</span> <span class='ocrx_word' id='word_1_319' title='bbox 1243 1974 1284 2008; x_wconf 86' lang='lat' dir='ltr'>ad</span> <span class='ocrx_word' id='word_1_320' title='bbox 1305 1981 1538 2009; x_wconf 87' lang='lat' dir='ltr'>tenementum</span> <span class='ocrx_word' id='word_1_321' title='bbox 1559 1983 1718 2022; x_wconf 82' lang='lat' dir='ltr'>spectans</span> 
     </span>
     <span class='ocr_line' id='line_1_30' title="bbox 264 2034 1717 2082; baseline 0.002 -13"><span class='ocrx_word' id='word_1_322' title='bbox 264 2035 439 2081; x_wconf 86' lang='lat' dir='ltr'>Stephano</span> <span class='ocrx_word' id='word_1_323' title='bbox 467 2035 629 2070; x_wconf 86' lang='lat' dir='ltr'>Gardnar</span> <span class='ocrx_word' id='word_1_324' title='bbox 661 2035 780 2081; x_wconf 81' lang='lat' dir='ltr'>jacens</span> <span class='ocrx_word' id='word_1_325' title='bbox 815 2034 850 2068; x_wconf 90' lang='lat' dir='ltr'>in</span> <span class='ocrx_word' id='word_1_326' title='bbox 886 2034 1020 2081; x_wconf 86' lang='lat' dir='ltr'>prefata</span> <span class='ocrx_word' id='word_1_327' title='bbox 1053 2034 1109 2068; x_wconf 88' lang='lat' dir='ltr'>via</span> <span class='ocrx_word' id='word_1_328' title='bbox 1143 2034 1275 2068; x_wconf 89' lang='lat' dir='ltr'>debens</span> <span class='ocrx_word' id='word_1_329' title='bbox 1306 2035 1478 2069; x_wconf 87' lang='lat' dir='ltr'>annuatim</span> <span class='ocrx_word' id='word_1_330' title='bbox 1511 2036 1717 2082; x_wconf 84' lang='lat' dir='ltr'>trigintasex</span> 
     </span>
     <span class='ocr_line' id='line_1_31' title="bbox 263 2094 1716 2143; baseline 0.001 -13"><span class='ocrx_word' id='word_1_331' title='bbox 263 2095 390 2130; x_wconf 86' lang='lat' dir='ltr'>solidos</span> <span class='ocrx_word' id='word_1_332' title='bbox 418 2095 523 2130; x_wconf 87' lang='lat' dir='ltr'>annui</span> <span class='ocrx_word' id='word_1_333' title='bbox 550 2095 707 2130; x_wconf 89' lang='lat' dir='ltr'>redditus</span> <span class='ocrx_word' id='word_1_334' title='bbox 728 2104 736 2131; x_wconf 81' lang='lat' dir='ltr'>l</span> <span class='ocrx_word' id='word_1_335' title='bbox 755 2095 843 2129; x_wconf 89' lang='lat' dir='ltr'>Item</span> <span class='ocrx_word' id='word_1_336' title='bbox 872 2095 912 2128; x_wconf 87' lang='lat' dir='ltr'>ad</span> <span class='ocrx_word' id='word_1_337' title='bbox 944 2100 1180 2129; x_wconf 87' lang='lat' dir='ltr'>tenementum</span> <span class='ocrx_word' id='word_1_338' title='bbox 1211 2094 1356 2129; x_wconf 89' lang='lat' dir='ltr'>Andree</span> <span class='ocrx_word' id='word_1_339' title='bbox 1386 2095 1525 2130; x_wconf 87' lang='lat' dir='ltr'>Russall</span> <span class='ocrx_word' id='word_1_340' title='bbox 1554 2097 1716 2143; x_wconf 83' lang='lat' dir='ltr'>contigue</span> 
     </span>
     <span class='ocr_line' id='line_1_32' title="bbox 258 2154 1716 2203; baseline 0 -12"><span class='ocrx_word' id='word_1_341' title='bbox 258 2157 378 2203; x_wconf 80' lang='lat' dir='ltr'>jacens</span> <span class='ocrx_word' id='word_1_342' title='bbox 404 2156 438 2190; x_wconf 91' lang='lat' dir='ltr'>in</span> <span class='ocrx_word' id='word_1_343' title='bbox 466 2156 600 2203; x_wconf 87' lang='lat' dir='ltr'>prefata</span> <span class='ocrx_word' id='word_1_344' title='bbox 616 2156 672 2190; x_wconf 87' lang='lat' dir='ltr'>via</span> <span class='ocrx_word' id='word_1_345' title='bbox 690 2155 822 2190; x_wconf 89' lang='lat' dir='ltr'>debens</span> <span class='ocrx_word' id='word_1_346' title='bbox 840 2154 1014 2189; x_wconf 86' lang='lat' dir='ltr'>annuatim</span> <span class='ocrx_word' id='word_1_347' title='bbox 1034 2154 1304 2201; x_wconf 85' lang='lat' dir='ltr'>vigintiquatuor</span> <span class='ocrx_word' id='word_1_348' title='bbox 1331 2154 1458 2189; x_wconf 88' lang='lat' dir='ltr'>solidos</span> <span class='ocrx_word' id='word_1_349' title='bbox 1481 2156 1586 2190; x_wconf 90' lang='lat' dir='ltr'>annui</span> <span class='ocrx_word' id='word_1_350' title='bbox 1604 2157 1716 2192; x_wconf 91' lang='lat' dir='ltr'>reddi-</span> 
     </span>
     <span class='ocr_line' id='line_1_33' title="bbox 260 2215 1716 2263; baseline 0.001 -12"><span class='ocrx_word' id='word_1_351' title='bbox 260 2223 316 2251; x_wconf 89' lang='lat' dir='ltr'>tus</span> <span class='ocrx_word' id='word_1_352' title='bbox 335 2229 380 2251; x_wconf 82' lang='lat' dir='ltr'>ex</span> <span class='ocrx_word' id='word_1_353' title='bbox 396 2223 494 2263; x_wconf 87' lang='lat' dir='ltr'>parte</span> <span class='ocrx_word' id='word_1_354' title='bbox 513 2215 678 2250; x_wconf 85' lang='lat' dir='ltr'>anteriori</span> <span class='ocrx_word' id='word_1_355' title='bbox 697 2222 732 2250; x_wconf 90' lang='lat' dir='ltr'>et</span> <span class='ocrx_word' id='word_1_356' title='bbox 750 2215 934 2261; x_wconf 85' lang='lat' dir='ltr'>posteriori</span> <span class='ocrx_word' id='word_1_357' title='bbox 948 2215 1068 2261; x_wconf 84' lang='lat' dir='ltr'>jacens</span> <span class='ocrx_word' id='word_1_358' title='bbox 1087 2227 1131 2249; x_wconf 83' lang='lat' dir='ltr'>ex</span> <span class='ocrx_word' id='word_1_359' title='bbox 1149 2221 1247 2262; x_wconf 88' lang='lat' dir='ltr'>parte</span> <span class='ocrx_word' id='word_1_360' title='bbox 1262 2215 1403 2250; x_wconf 89' lang='lat' dir='ltr'>australi</span> <span class='ocrx_word' id='word_1_361' title='bbox 1418 2216 1509 2251; x_wconf 84' lang='lat' dir='ltr'>dicte</span> <span class='ocrx_word' id='word_1_362' title='bbox 1524 2217 1578 2251; x_wconf 86' lang='lat' dir='ltr'>vie</span> <span class='ocrx_word' id='word_1_363' title='bbox 1596 2226 1605 2253; x_wconf 87' lang='lat' dir='ltr'>l</span> <span class='ocrx_word' id='word_1_364' title='bbox 1620 2223 1716 2252; x_wconf 90' lang='lat' dir='ltr'>tene-</span> 
     </span>
     <span class='ocr_line' id='line_1_34' title="bbox 263 2275 1715 2323; baseline 0.001 -12"><span class='ocrx_word' id='word_1_365' title='bbox 263 2282 415 2311; x_wconf 89' lang='lat' dir='ltr'>mentum</span> <span class='ocrx_word' id='word_1_366' title='bbox 432 2276 557 2323; x_wconf 86' lang='lat' dir='ltr'>prefati</span> <span class='ocrx_word' id='word_1_367' title='bbox 579 2275 744 2322; x_wconf 87' lang='lat' dir='ltr'>Stephani</span> <span class='ocrx_word' id='word_1_368' title='bbox 760 2275 854 2322; x_wconf 87' lang='lat' dir='ltr'>jacet</span> <span class='ocrx_word' id='word_1_369' title='bbox 872 2275 962 2310; x_wconf 90' lang='lat' dir='ltr'>inter</span> <span class='ocrx_word' id='word_1_370' title='bbox 977 2281 1087 2310; x_wconf 89' lang='lat' dir='ltr'>terras</span> <span class='ocrx_word' id='word_1_371' title='bbox 1105 2275 1229 2322; x_wconf 86' lang='lat' dir='ltr'>prefati</span> <span class='ocrx_word' id='word_1_372' title='bbox 1247 2275 1392 2311; x_wconf 88' lang='lat' dir='ltr'>Andree</span> <span class='ocrx_word' id='word_1_373' title='bbox 1413 2276 1551 2312; x_wconf 86' lang='lat' dir='ltr'>Russall</span> <span class='ocrx_word' id='word_1_374' title='bbox 1566 2290 1611 2312; x_wconf 86' lang='lat' dir='ltr'>ex</span> <span class='ocrx_word' id='word_1_375' title='bbox 1630 2279 1715 2312; x_wconf 83' lang='lat' dir='ltr'>oeci-</span> 
     </span>
    </p>
   </div>
  </div>
 </body>
</html>
