<?xml version="1.0" encoding="UTF-8"?>
<!DOCTYPE html PUBLIC "-//W3C//DTD XHTML 1.0 Transitional//EN"
    "http://www.w3.org/TR/xhtml1/DTD/xhtml1-transitional.dtd">
<html xmlns="http://www.w3.org/1999/xhtml" xml:lang="en" lang="en">
 <head>
  <title>
</title>
<meta http-equiv="Content-Type" content="text/html;charset=utf-8" />
  <meta name='ocr-system' content='tesseract 3.04.00' />
  <meta name='ocr-capabilities' content='ocr_page ocr_carea ocr_par ocr_line ocrx_word'/>
</head>
<body>
  <div class='ocr_page' id='page_1' title='image "./libercollegiinos00mait/libercollegiinos00mait_0255.png"; bbox 0 0 1922 2764; ppageno 0'>
   <div class='ocr_carea' id='block_1_1' title="bbox 619 221 1713 261">
    <p class='ocr_par' dir='ltr' id='par_1_1' title="bbox 619 221 1713 261">
     <span class='ocr_line' id='line_1_1' title="bbox 619 221 1713 261; baseline -0.001 -4"><span class='ocrx_word' id='word_1_1' title='bbox 619 221 834 257; x_wconf 84' lang='lat' dir='ltr'>ORDINIS</span> <span class='ocrx_word' id='word_1_2' title='bbox 864 221 1298 257; x_wconf 82' lang='lat' dir='ltr'>PREDICATORUM.</span> <span class='ocrx_word' id='word_1_3' title='bbox 1648 226 1713 261; x_wconf 77' lang='lat'>149</span> 
     </span>
    </p>
   </div>
   <div class='ocr_carea' id='block_1_2' title="bbox 252 331 1716 499">
    <p class='ocr_par' dir='ltr' id='par_1_2' title="bbox 252 331 1716 499">
     <span class='ocr_line' id='line_1_2' title="bbox 254 331 1715 381; baseline -0.001 -12"><span class='ocrx_word' id='word_1_4' title='bbox 254 334 495 381; x_wconf 82' lang='lat' dir='ltr'>Quadraginta</span> <span class='ocrx_word' id='word_1_5' title='bbox 526 332 599 367; x_wconf 89' lang='lat' dir='ltr'>dies</span> <span class='ocrx_word' id='word_1_6' title='bbox 631 332 674 366; x_wconf 89' lang='lat' dir='ltr'>de</span> <span class='ocrx_word' id='word_1_7' title='bbox 701 331 855 366; x_wconf 83' lang='lat' dir='ltr'>iniuncta</span> <span class='ocrx_word' id='word_1_8' title='bbox 882 331 946 365; x_wconf 90' lang='lat' dir='ltr'>sibi</span> <span class='ocrx_word' id='word_1_9' title='bbox 973 331 1172 378; x_wconf 81' lang='lat' dir='ltr'>penitencia</span> <span class='ocrx_word' id='word_1_10' title='bbox 1200 331 1470 366; x_wconf 77' lang='lat' dir='ltr'>misericorditer</span> <span class='ocrx_word' id='word_1_11' title='bbox 1489 332 1684 367; x_wconf 77' lang='lat' dir='ltr'>relaxamus</span> <span class='ocrx_word' id='word_1_12' title='bbox 1710 353 1715 358; x_wconf 91' lang='lat'><em>·</em></span> 
     </span>
     <span class='ocr_line' id='line_1_3' title="bbox 252 392 1713 440; baseline -0.002 -10"><span class='ocrx_word' id='word_1_13' title='bbox 252 395 384 430; x_wconf 89' lang='lat' dir='ltr'>Datum</span> <span class='ocrx_word' id='word_1_14' title='bbox 630 392 797 439; x_wconf 84' lang='lat' dir='ltr'>Lugduni</span> <span class='ocrx_word' id='word_1_15' title='bbox 1068 392 1100 439; x_wconf 85' lang='lat' dir='ltr'>vj</span> <span class='ocrx_word' id='word_1_16' title='bbox 1350 392 1432 426; x_wconf 87' lang='lat' dir='ltr'>Idus</span> <span class='ocrx_word' id='word_1_17' title='bbox 1630 394 1650 429; x_wconf 75' lang='grc' dir='ltr'>,Ι</span> <span class='ocrx_word' id='word_1_18' title='bbox 1656 393 1701 427; x_wconf 90' lang='lat' dir='ltr'>uli</span> <span class='ocrx_word' id='word_1_19' title='bbox 1703 407 1713 440; x_wconf 77' lang='lat' dir='ltr'>J</span> 
     </span>
     <span class='ocr_line' id='line_1_4' title="bbox 255 453 1716 499; baseline -0.002 -8"><span class='ocrx_word' id='word_1_20' title='bbox 255 456 481 491; x_wconf 78' lang='lat' dir='ltr'>Pontificatus</span> <span class='ocrx_word' id='word_1_21' title='bbox 775 453 883 499; x_wconf 86' lang='lat' dir='ltr'>nostrj</span> <span class='ocrx_word' id='word_1_22' title='bbox 1157 465 1248 487; x_wconf 84' lang='lat' dir='ltr'>anno</span> <span class='ocrx_word' id='word_1_23' title='bbox 1526 453 1661 494; x_wconf 83' lang='lat' dir='ltr'>Quarto</span> <span class='ocrx_word' id='word_1_24' title='bbox 1680 474 1686 480; x_wconf 84' lang='lat'><strong>·</strong></span> <span class='ocrx_word' id='word_1_25' title='bbox 1711 475 1716 479; x_wconf 94' lang='lat'><em>-</em></span> 
     </span>
    </p>
   </div>
   <div class='ocr_carea' id='block_1_3' title="bbox 257 635 1647 684">
    <p class='ocr_par' dir='ltr' id='par_1_3' title="bbox 257 635 1647 684">
     <span class='ocr_line' id='line_1_5' title="bbox 257 635 1647 684; baseline -0.003 -12"><span class='ocrx_word' id='word_1_26' title='bbox 257 638 463 684; x_wconf 89' lang='lat' dir='ltr'>Preceptum</span> <span class='ocrx_word' id='word_1_27' title='bbox 486 636 595 683; x_wconf 73' lang='lat' dir='ltr'>Regis</span> <span class='ocrx_word' id='word_1_28' title='bbox 616 636 811 671; x_wconf 76' lang='lat' dir='ltr'>Alexandri</span> <span class='ocrx_word' id='word_1_29' title='bbox 830 649 892 683; x_wconf 92' lang='lat' dir='ltr'>pro</span> <span class='ocrx_word' id='word_1_30' title='bbox 916 657 921 662; x_wconf 93' lang='lat'>-</span> <span class='ocrx_word' id='word_1_31' title='bbox 945 648 966 669; x_wconf 82' lang='lat' dir='ltr'>x</span> <span class='ocrx_word' id='word_1_32' title='bbox 989 657 994 662; x_wconf 92' lang='lat'>-</span> <span class='ocrx_word' id='word_1_33' title='bbox 1019 635 1115 669; x_wconf 88' lang='lat' dir='ltr'>libris</span> <span class='ocrx_word' id='word_1_34' title='bbox 1134 635 1177 670; x_wconf 90' lang='lat' dir='ltr'>de</span> <span class='ocrx_word' id='word_1_35' title='bbox 1196 635 1302 670; x_wconf 87' lang='lat' dir='ltr'>firmis</span> <span class='ocrx_word' id='word_1_36' title='bbox 1321 635 1365 669; x_wconf 89' lang='lat' dir='ltr'>de</span> <span class='ocrx_word' id='word_1_37' title='bbox 1386 635 1618 670; x_wconf 80' lang='lat' dir='ltr'>Dunbretane</span> <span class='ocrx_word' id='word_1_38' title='bbox 1642 656 1647 661; x_wconf 89' lang='lat'><em>-</em></span> 
     </span>
    </p>
   </div>
   <div class='ocr_carea' id='block_1_4' title="bbox 256 732 1728 1405">
    <p class='ocr_par' dir='ltr' id='par_1_4' title="bbox 256 732 1728 1405">
     <span class='ocr_line' id='line_1_6' title="bbox 257 732 1723 807; baseline -0.001 -11"><span class='ocrx_word' id='word_1_39' title='bbox 257 732 476 796; x_wconf 72' lang='lat' dir='ltr'>Alexander</span> <span class='ocrx_word' id='word_1_40' title='bbox 506 761 575 795; x_wconf 85' lang='lat' dir='ltr'>Dei</span> <span class='ocrx_word' id='word_1_41' title='bbox 607 761 724 807; x_wconf 78' lang='lat' dir='ltr'>gracia</span> <span class='ocrx_word' id='word_1_42' title='bbox 756 761 835 796; x_wconf 82' lang='lat' dir='ltr'>Rex</span> <span class='ocrx_word' id='word_1_43' title='bbox 866 760 986 796; x_wconf 88' lang='lat' dir='ltr'>Scocie</span> <span class='ocrx_word' id='word_1_44' title='bbox 1013 760 1199 807; x_wconf 80' lang='lat' dir='ltr'>prepositis</span> <span class='ocrx_word' id='word_1_45' title='bbox 1227 760 1296 794; x_wconf 88' lang='lat' dir='ltr'>suis</span> <span class='ocrx_word' id='word_1_46' title='bbox 1324 760 1367 794; x_wconf 88' lang='lat' dir='ltr'>de</span> <span class='ocrx_word' id='word_1_47' title='bbox 1396 760 1604 794; x_wconf 87' lang='lat' dir='ltr'>Dunbretan</span> <span class='ocrx_word' id='word_1_48' title='bbox 1635 760 1723 794; x_wconf 88' lang='lat' dir='ltr'>salu-</span> 
     </span>
     <span class='ocr_line' id='line_1_7' title="bbox 256 821 1723 868; baseline 0 -12"><span class='ocrx_word' id='word_1_49' title='bbox 256 828 325 856; x_wconf 88' lang='lat' dir='ltr'>tem</span> <span class='ocrx_word' id='word_1_50' title='bbox 348 843 354 848; x_wconf 93' lang='lat'>·</span> <span class='ocrx_word' id='word_1_51' title='bbox 378 821 585 856; x_wconf 87' lang='lat' dir='ltr'>Mandamus</span> <span class='ocrx_word' id='word_1_52' title='bbox 604 822 702 856; x_wconf 88' lang='lat' dir='ltr'>vobis</span> <span class='ocrx_word' id='word_1_53' title='bbox 721 828 756 856; x_wconf 88' lang='lat' dir='ltr'>et</span> <span class='ocrx_word' id='word_1_54' title='bbox 774 821 982 868; x_wconf 76' lang='lat' dir='ltr'>precipimus</span> <span class='ocrx_word' id='word_1_55' title='bbox 1002 821 1163 868; x_wconf 82' lang='lat' dir='ltr'>quatinus</span> <span class='ocrx_word' id='word_1_56' title='bbox 1182 834 1245 868; x_wconf 89' lang='lat' dir='ltr'>pro</span> <span class='ocrx_word' id='word_1_57' title='bbox 1261 821 1317 855; x_wconf 91' lang='lat' dir='ltr'>die</span> <span class='ocrx_word' id='word_1_58' title='bbox 1337 834 1404 868; x_wconf 92' lang='lat' dir='ltr'>quo</span> <span class='ocrx_word' id='word_1_59' title='bbox 1420 821 1452 855; x_wconf 91' lang='lat' dir='ltr'>in</span> <span class='ocrx_word' id='word_1_60' title='bbox 1474 821 1629 868; x_wconf 87' lang='lat' dir='ltr'>qualibet</span> <span class='ocrx_word' id='word_1_61' title='bbox 1647 834 1723 868; x_wconf 87' lang='lat' dir='ltr'>sep-</span> 
     </span>
     <span class='ocr_line' id='line_1_8' title="bbox 257 881 1725 930; baseline 0 -14"><span class='ocrx_word' id='word_1_62' title='bbox 257 883 385 917; x_wconf 87' lang='lat' dir='ltr'>timana.</span> <span class='ocrx_word' id='word_1_63' title='bbox 402 883 581 917; x_wconf 84' lang='lat' dir='ltr'>caritatiue</span> <span class='ocrx_word' id='word_1_64' title='bbox 600 883 770 930; x_wconf 81' lang='lat' dir='ltr'>pascimus</span> <span class='ocrx_word' id='word_1_65' title='bbox 790 883 931 917; x_wconf 83' lang='lat' dir='ltr'>Fratres</span> <span class='ocrx_word' id='word_1_66' title='bbox 953 883 1194 917; x_wconf 85' lang='lat' dir='ltr'>Predicatores</span> <span class='ocrx_word' id='word_1_67' title='bbox 1214 882 1257 916; x_wconf 92' lang='lat' dir='ltr'>de</span> <span class='ocrx_word' id='word_1_68' title='bbox 1280 881 1417 929; x_wconf 81' lang='lat' dir='ltr'>Glasgu</span> <span class='ocrx_word' id='word_1_69' title='bbox 1445 882 1576 917; x_wconf 87' lang='lat' dir='ltr'>eisdem</span> <span class='ocrx_word' id='word_1_70' title='bbox 1596 882 1725 917; x_wconf 87' lang='lat' dir='ltr'>Fratri-</span> 
     </span>
     <span class='ocr_line' id='line_1_9' title="bbox 258 943 1725 990; baseline -0.001 -12"><span class='ocrx_word' id='word_1_71' title='bbox 258 944 322 978; x_wconf 90' lang='lat' dir='ltr'>bus</span> <span class='ocrx_word' id='word_1_72' title='bbox 340 944 397 978; x_wconf 85' lang='lat' dir='ltr'>vel</span> <span class='ocrx_word' id='word_1_73' title='bbox 416 956 533 978; x_wconf 91' lang='lat' dir='ltr'>eorum</span> <span class='ocrx_word' id='word_1_74' title='bbox 553 950 649 978; x_wconf 88' lang='lat' dir='ltr'>certo</span> <span class='ocrx_word' id='word_1_75' title='bbox 668 950 841 978; x_wconf 86' lang='lat' dir='ltr'>attornato</span> <span class='ocrx_word' id='word_1_76' title='bbox 860 944 989 978; x_wconf 76' lang='lat' dir='ltr'>habere</span> <span class='ocrx_word' id='word_1_77' title='bbox 1009 943 1141 978; x_wconf 84' lang='lat' dir='ltr'>faciatis</span> <span class='ocrx_word' id='word_1_78' title='bbox 1160 943 1306 990; x_wconf 84' lang='lat' dir='ltr'>singulis</span> <span class='ocrx_word' id='word_1_79' title='bbox 1321 943 1420 978; x_wconf 85' lang='lat' dir='ltr'>annis</span> <span class='ocrx_word' id='word_1_80' title='bbox 1436 943 1478 978; x_wconf 87' lang='lat' dir='ltr'>de</span> <span class='ocrx_word' id='word_1_81' title='bbox 1499 943 1605 977; x_wconf 85' lang='lat' dir='ltr'>firmis</span> <span class='ocrx_word' id='word_1_82' title='bbox 1624 943 1725 989; x_wconf 80' lang='lat' dir='ltr'>burgi</span> 
     </span>
     <span class='ocr_line' id='line_1_10' title="bbox 259 1004 1726 1039; baseline -0.001 0"><span class='ocrx_word' id='word_1_83' title='bbox 259 1004 368 1039; x_wconf 81' lang='lat' dir='ltr'>nostri</span> <span class='ocrx_word' id='word_1_84' title='bbox 404 1005 447 1039; x_wconf 93' lang='lat' dir='ltr'>de</span> <span class='ocrx_word' id='word_1_85' title='bbox 483 1004 691 1039; x_wconf 88' lang='lat' dir='ltr'>Dunbretan</span> <span class='ocrx_word' id='word_1_86' title='bbox 730 1005 849 1039; x_wconf 86' lang='lat' dir='ltr'>decem</span> <span class='ocrx_word' id='word_1_87' title='bbox 886 1005 1019 1039; x_wconf 86' lang='lat' dir='ltr'>libras·</span> <span class='ocrx_word' id='word_1_88' title='bbox 1043 1004 1264 1039; x_wconf 77' lang='lat' dir='ltr'>medietatem</span> <span class='ocrx_word' id='word_1_89' title='bbox 1287 1025 1293 1031; x_wconf 87' lang='lat'><strong>·</strong></span> <span class='ocrx_word' id='word_1_90' title='bbox 1317 1004 1482 1039; x_wconf 88' lang='lat' dir='ltr'>videlicet</span> <span class='ocrx_word' id='word_1_91' title='bbox 1512 1004 1555 1039; x_wconf 81' lang='lat' dir='ltr'>ad</span> <span class='ocrx_word' id='word_1_92' title='bbox 1582 1004 1726 1039; x_wconf 81' lang='lat' dir='ltr'>Festum</span> 
     </span>
     <span class='ocr_line' id='line_1_11' title="bbox 263 1065 1727 1100; baseline 0 -1"><span class='ocrx_word' id='word_1_93' title='bbox 263 1065 378 1100; x_wconf 82' lang='lat' dir='ltr'>Sancti</span> <span class='ocrx_word' id='word_1_94' title='bbox 398 1065 543 1100; x_wconf 87' lang='lat' dir='ltr'>Martini</span> <span class='ocrx_word' id='word_1_95' title='bbox 565 1086 572 1092; x_wconf 88' lang='lat'><strong>·</strong></span> <span class='ocrx_word' id='word_1_96' title='bbox 595 1072 630 1100; x_wconf 90' lang='lat' dir='ltr'>et</span> <span class='ocrx_word' id='word_1_97' title='bbox 656 1065 754 1100; x_wconf 88' lang='lat' dir='ltr'>aliam</span> <span class='ocrx_word' id='word_1_98' title='bbox 784 1065 1005 1100; x_wconf 86' lang='lat' dir='ltr'>medietatem</span> <span class='ocrx_word' id='word_1_99' title='bbox 1031 1065 1072 1100; x_wconf 87' lang='lat' dir='ltr'>ad</span> <span class='ocrx_word' id='word_1_100' title='bbox 1094 1065 1327 1100; x_wconf 80' lang='lat' dir='ltr'>Pentecosten</span> <span class='ocrx_word' id='word_1_101' title='bbox 1353 1087 1358 1092; x_wconf 91' lang='lat'><em>-</em></span> <span class='ocrx_word' id='word_1_102' title='bbox 1382 1065 1422 1099; x_wconf 89' lang='lat' dir='ltr'>In</span> <span class='ocrx_word' id='word_1_103' title='bbox 1443 1066 1539 1100; x_wconf 90' lang='lat' dir='ltr'>cuius</span> <span class='ocrx_word' id='word_1_104' title='bbox 1561 1065 1609 1099; x_wconf 88' lang='lat' dir='ltr'>rei</span> <span class='ocrx_word' id='word_1_105' title='bbox 1631 1065 1727 1100; x_wconf 89' lang='lat' dir='ltr'>testi-</span> 
     </span>
     <span class='ocr_line' id='line_1_12' title="bbox 261 1126 1728 1174; baseline 0 -14"><span class='ocrx_word' id='word_1_106' title='bbox 261 1126 411 1160; x_wconf 90' lang='lat' dir='ltr'>monium</span> <span class='ocrx_word' id='word_1_107' title='bbox 430 1126 491 1160; x_wconf 86' lang='lat' dir='ltr'>has</span> <span class='ocrx_word' id='word_1_108' title='bbox 510 1133 645 1161; x_wconf 89' lang='lat' dir='ltr'>nostras</span> <span class='ocrx_word' id='word_1_109' title='bbox 665 1126 783 1161; x_wconf 80' lang='lat' dir='ltr'>literas</span> <span class='ocrx_word' id='word_1_110' title='bbox 810 1132 971 1174; x_wconf 83' lang='lat' dir='ltr'>patentes</span> <span class='ocrx_word' id='word_1_111' title='bbox 990 1126 1088 1161; x_wconf 81' lang='lat' dir='ltr'>vobis</span> <span class='ocrx_word' id='word_1_112' title='bbox 1115 1126 1383 1161; x_wconf 84' lang='lat' dir='ltr'>transmittimus</span> <span class='ocrx_word' id='word_1_113' title='bbox 1406 1147 1412 1153; x_wconf 87' lang='lat'><strong>·</strong></span> <span class='ocrx_word' id='word_1_114' title='bbox 1437 1126 1603 1161; x_wconf 88' lang='lat' dir='ltr'>Testibus</span> <span class='ocrx_word' id='word_1_115' title='bbox 1623 1139 1728 1160; x_wconf 73' lang='lat' dir='ltr'>vene-</span> 
     </span>
     <span class='ocr_line' id='line_1_13' title="bbox 261 1187 1728 1234; baseline 0 -13"><span class='ocrx_word' id='word_1_116' title='bbox 261 1187 426 1222; x_wconf 84' lang='lat' dir='ltr'>rabilibus</span> <span class='ocrx_word' id='word_1_117' title='bbox 445 1187 599 1234; x_wconf 85' lang='lat' dir='ltr'>patribus</span> <span class='ocrx_word' id='word_1_118' title='bbox 623 1208 628 1214; x_wconf 93' lang='lat'><em>·</em></span> <span class='ocrx_word' id='word_1_119' title='bbox 653 1187 768 1222; x_wconf 81' lang='lat' dir='ltr'>Dauid</span> <span class='ocrx_word' id='word_1_120' title='bbox 790 1194 825 1222; x_wconf 91' lang='lat' dir='ltr'>et</span> <span class='ocrx_word' id='word_1_121' title='bbox 847 1209 852 1214; x_wconf 90' lang='lat'><em>-</em></span> <span class='ocrx_word' id='word_1_122' title='bbox 878 1188 923 1221; x_wconf 90' lang='lat' dir='ltr'>W</span> <span class='ocrx_word' id='word_1_123' title='bbox 945 1208 950 1214; x_wconf 93' lang='lat'><em>·</em></span> <span class='ocrx_word' id='word_1_124' title='bbox 977 1187 1093 1222; x_wconf 82' lang='lat' dir='ltr'>Sancti</span> <span class='ocrx_word' id='word_1_125' title='bbox 1110 1187 1256 1222; x_wconf 88' lang='lat' dir='ltr'>Andree</span> <span class='ocrx_word' id='word_1_126' title='bbox 1277 1194 1312 1222; x_wconf 79' lang='lat' dir='ltr'>et</span> <span class='ocrx_word' id='word_1_127' title='bbox 1331 1187 1565 1234; x_wconf 80' lang='lat' dir='ltr'>Glasguensis</span> <span class='ocrx_word' id='word_1_128' title='bbox 1586 1187 1728 1234; x_wconf 86' lang='lat' dir='ltr'>Episco-</span> 
     </span>
     <span class='ocr_line' id='line_1_14' title="bbox 262 1248 1728 1295; baseline 0 -13"><span class='ocrx_word' id='word_1_129' title='bbox 262 1248 314 1295; x_wconf 89' lang='lat' dir='ltr'>pis</span> <span class='ocrx_word' id='word_1_130' title='bbox 339 1269 345 1274; x_wconf 95' lang='lat'>·</span> <span class='ocrx_word' id='word_1_131' title='bbox 372 1248 416 1282; x_wconf 92' lang='lat' dir='ltr'>W</span> <span class='ocrx_word' id='word_1_132' title='bbox 438 1269 444 1275; x_wconf 84' lang='lat'><strong>·</strong></span> <span class='ocrx_word' id='word_1_133' title='bbox 470 1248 608 1295; x_wconf 89' lang='lat' dir='ltr'>Cumyn</span> <span class='ocrx_word' id='word_1_134' title='bbox 636 1249 760 1283; x_wconf 85' lang='lat' dir='ltr'>comite</span> <span class='ocrx_word' id='word_1_135' title='bbox 779 1249 823 1284; x_wconf 86' lang='lat' dir='ltr'>de</span> <span class='ocrx_word' id='word_1_136' title='bbox 843 1248 1030 1283; x_wconf 86' lang='lat' dir='ltr'>Menethet</span> <span class='ocrx_word' id='word_1_137' title='bbox 1052 1269 1057 1274; x_wconf 95' lang='lat'>·</span> <span class='ocrx_word' id='word_1_138' title='bbox 1084 1248 1128 1282; x_wconf 91' lang='lat' dir='ltr'>W</span> <span class='ocrx_word' id='word_1_139' title='bbox 1151 1269 1156 1274; x_wconf 94' lang='lat'>·</span> <span class='ocrx_word' id='word_1_140' title='bbox 1180 1249 1303 1283; x_wconf 85' lang='lat' dir='ltr'>comite</span> <span class='ocrx_word' id='word_1_141' title='bbox 1324 1248 1366 1283; x_wconf 92' lang='lat' dir='ltr'>de</span> <span class='ocrx_word' id='word_1_142' title='bbox 1388 1248 1485 1283; x_wconf 74' lang='lat' dir='ltr'>Mari¹</span> <span class='ocrx_word' id='word_1_143' title='bbox 1511 1249 1700 1283; x_wconf 82' lang='lat' dir='ltr'>camerario</span> <span class='ocrx_word' id='word_1_144' title='bbox 1723 1269 1728 1273; x_wconf 92' lang='lat'>-</span> 
     </span>
     <span class='ocr_line' id='line_1_15' title="bbox 264 1309 1728 1356; baseline 0 -13"><span class='ocrx_word' id='word_1_145' title='bbox 264 1309 370 1356; x_wconf 82' lang='lat' dir='ltr'>Apud</span> <span class='ocrx_word' id='word_1_146' title='bbox 390 1309 632 1356; x_wconf 81' lang='lat' dir='ltr'>Edinburgum</span> <span class='ocrx_word' id='word_1_147' title='bbox 653 1310 816 1344; x_wconf 82' lang='lat' dir='ltr'>vicesimo</span> <span class='ocrx_word' id='word_1_148' title='bbox 844 1309 952 1344; x_wconf 90' lang='lat' dir='ltr'>tercio</span> <span class='ocrx_word' id='word_1_149' title='bbox 980 1309 1035 1344; x_wconf 94' lang='lat' dir='ltr'>die</span> <span class='ocrx_word' id='word_1_150' title='bbox 1058 1309 1192 1356; x_wconf 86' lang='lat' dir='ltr'>Aprilis</span> <span class='ocrx_word' id='word_1_151' title='bbox 1220 1321 1310 1344; x_wconf 87' lang='lat' dir='ltr'>anno</span> <span class='ocrx_word' id='word_1_152' title='bbox 1337 1309 1438 1355; x_wconf 85' lang='lat' dir='ltr'>regni</span> <span class='ocrx_word' id='word_1_153' title='bbox 1466 1309 1594 1343; x_wconf 88' lang='lat' dir='ltr'>domini</span> <span class='ocrx_word' id='word_1_154' title='bbox 1617 1309 1728 1356; x_wconf 74' lang='lat' dir='ltr'>Regis</span> 
     </span>
     <span class='ocr_line' id='line_1_16' title="bbox 264 1378 402 1405; baseline 0.007 -1"><span class='ocrx_word' id='word_1_155' title='bbox 264 1378 373 1405; x_wconf 75' lang='lat' dir='ltr'>termo</span> <span class='ocrx_word' id='word_1_156' title='bbox 397 1391 402 1396; x_wconf 91' lang='lat'><em>·</em></span> 
     </span>
    </p>
   </div>
   <div class='ocr_carea' id='block_1_5' title="bbox 267 1552 1492 1600">
    <p class='ocr_par' dir='ltr' id='par_1_5' title="bbox 267 1552 1492 1600">
     <span class='ocr_line' id='line_1_17' title="bbox 267 1552 1492 1600; baseline 0.001 -13"><span class='ocrx_word' id='word_1_157' title='bbox 267 1553 369 1587; x_wconf 87' lang='lat' dir='ltr'>Bulla</span> <span class='ocrx_word' id='word_1_158' title='bbox 386 1553 520 1600; x_wconf 85' lang='lat' dir='ltr'>penalis</span> <span class='ocrx_word' id='word_1_159' title='bbox 541 1552 734 1588; x_wconf 83' lang='lat' dir='ltr'>Clementis</span> <span class='ocrx_word' id='word_1_160' title='bbox 755 1565 843 1600; x_wconf 87' lang='lat' dir='ltr'>pape</span> <span class='ocrx_word' id='word_1_161' title='bbox 866 1574 872 1579; x_wconf 93' lang='lat'><em>-</em></span> <span class='ocrx_word' id='word_1_162' title='bbox 898 1565 955 1587; x_wconf 88' lang='lat'><em>1111</em></span> <span class='ocrx_word' id='word_1_163' title='bbox 978 1575 983 1579; x_wconf 98' lang='lat'>-</span> <span class='ocrx_word' id='word_1_164' title='bbox 1034 1553 1167 1589; x_wconf 84' lang='lat' dir='ltr'>Contra</span> <span class='ocrx_word' id='word_1_165' title='bbox 1185 1554 1411 1588; x_wconf 85' lang='lat' dir='ltr'>molestantes</span> <span class='ocrx_word' id='word_1_166' title='bbox 1431 1567 1492 1588; x_wconf 87' lang='lat' dir='ltr'>nos</span> 
     </span>
    </p>
   </div>
   <div class='ocr_carea' id='block_1_6' title="bbox 270 1642 1744 2332">
    <p class='ocr_par' dir='ltr' id='par_1_6' title="bbox 270 1642 1744 2332">
     <span class='ocr_line' id='line_1_18' title="bbox 270 1642 1736 1725; baseline -0.001 -13"><span class='ocrx_word' id='word_1_167' title='bbox 270 1642 524 1712; x_wconf 76' lang='lat' dir='ltr'>CLEMENS</span> <span class='ocrx_word' id='word_1_168' title='bbox 556 1678 738 1725; x_wconf 87' lang='lat' dir='ltr'>episcopus</span> <span class='ocrx_word' id='word_1_169' title='bbox 766 1690 888 1712; x_wconf 88' lang='lat' dir='ltr'>seruus</span> <span class='ocrx_word' id='word_1_170' title='bbox 916 1690 1096 1712; x_wconf 89' lang='lat' dir='ltr'>seruorum</span> <span class='ocrx_word' id='word_1_171' title='bbox 1127 1676 1199 1712; x_wconf 89' lang='lat' dir='ltr'>Dei</span> <span class='ocrx_word' id='word_1_172' title='bbox 1222 1698 1228 1704; x_wconf 92' lang='lat'><em>-</em></span> <span class='ocrx_word' id='word_1_173' title='bbox 1251 1677 1402 1711; x_wconf 88' lang='lat' dir='ltr'>Dilectis</span> <span class='ocrx_word' id='word_1_174' title='bbox 1432 1676 1511 1722; x_wconf 82' lang='lat' dir='ltr'>filijs</span> <span class='ocrx_word' id='word_1_175' title='bbox 1539 1698 1544 1703; x_wconf 92' lang='lat'><em>-</em></span> <span class='ocrx_word' id='word_1_176' title='bbox 1568 1698 1573 1703; x_wconf 93' lang='lat'>·</span> <span class='ocrx_word' id='word_1_177' title='bbox 1604 1677 1736 1723; x_wconf 85' lang='lat' dir='ltr'>Magis-</span> 
     </span>
     <span class='ocr_line' id='line_1_19' title="bbox 270 1737 1735 1774; baseline -0.001 -1"><span class='ocrx_word' id='word_1_178' title='bbox 270 1747 326 1774; x_wconf 81' lang='lat' dir='ltr'>tro</span> <span class='ocrx_word' id='word_1_179' title='bbox 355 1760 390 1765; x_wconf 89' lang='lat'>··</span> <span class='ocrx_word' id='word_1_180' title='bbox 422 1739 598 1773; x_wconf 85' lang='lat' dir='ltr'>Prioribus</span> <span class='ocrx_word' id='word_1_181' title='bbox 630 1746 665 1773; x_wconf 88' lang='lat' dir='ltr'>et</span> <span class='ocrx_word' id='word_1_182' title='bbox 698 1739 863 1773; x_wconf 88' lang='lat' dir='ltr'>fratribus</span> <span class='ocrx_word' id='word_1_183' title='bbox 895 1739 1068 1773; x_wconf 85' lang='lat' dir='ltr'>vniuersis</span> <span class='ocrx_word' id='word_1_184' title='bbox 1104 1738 1235 1772; x_wconf 86' lang='lat' dir='ltr'>ordinis</span> <span class='ocrx_word' id='word_1_185' title='bbox 1272 1738 1431 1772; x_wconf 84' lang='lat' dir='ltr'>Fratrum</span> <span class='ocrx_word' id='word_1_186' title='bbox 1471 1737 1735 1772; x_wconf 89' lang='lat' dir='ltr'>Predicatorum</span> 
     </span>
     <span class='ocr_line' id='line_1_20' title="bbox 273 1798 1738 1846; baseline -0.001 -13"><span class='ocrx_word' id='word_1_187' title='bbox 273 1800 417 1834; x_wconf 81' lang='lat' dir='ltr'>salutem</span> <span class='ocrx_word' id='word_1_188' title='bbox 437 1805 472 1834; x_wconf 92' lang='lat' dir='ltr'>et</span> <span class='ocrx_word' id='word_1_189' title='bbox 489 1799 710 1846; x_wconf 87' lang='lat' dir='ltr'>apostolicam</span> <span class='ocrx_word' id='word_1_190' title='bbox 731 1800 1009 1834; x_wconf 87' lang='lat' dir='ltr'>benedictionem</span> <span class='ocrx_word' id='word_1_191' title='bbox 1034 1820 1039 1825; x_wconf 92' lang='lat'>·</span> <span class='ocrx_word' id='word_1_192' title='bbox 1063 1799 1104 1833; x_wconf 87' lang='lat' dir='ltr'>In</span> <span class='ocrx_word' id='word_1_193' title='bbox 1124 1798 1328 1846; x_wconf 85' lang='lat' dir='ltr'>quibusdam</span> <span class='ocrx_word' id='word_1_194' title='bbox 1358 1798 1441 1832; x_wconf 88' lang='lat' dir='ltr'>locis</span> <span class='ocrx_word' id='word_1_195' title='bbox 1460 1799 1644 1845; x_wconf 82' lang='lat' dir='ltr'>aliquando</span> <span class='ocrx_word' id='word_1_196' title='bbox 1662 1799 1738 1833; x_wconf 85' lang='lat' dir='ltr'>illas</span> 
     </span>
     <span class='ocr_line' id='line_1_21' title="bbox 274 1859 1739 1907; baseline 0 -13"><span class='ocrx_word' id='word_1_197' title='bbox 274 1866 376 1907; x_wconf 89' lang='lat' dir='ltr'>prout</span> <span class='ocrx_word' id='word_1_198' title='bbox 394 1860 588 1907; x_wconf 87' lang='lat' dir='ltr'>accepimus</span> <span class='ocrx_word' id='word_1_199' title='bbox 605 1860 869 1907; x_wconf 85' lang='lat' dir='ltr'>persecutiones</span> <span class='ocrx_word' id='word_1_200' title='bbox 891 1867 925 1895; x_wconf 89' lang='lat' dir='ltr'>et</span> <span class='ocrx_word' id='word_1_201' title='bbox 945 1860 1123 1906; x_wconf 82' lang='lat' dir='ltr'>angustias</span> <span class='ocrx_word' id='word_1_202' title='bbox 1151 1859 1330 1894; x_wconf 83' lang='lat' dir='ltr'>sustinetis</span> <span class='ocrx_word' id='word_1_203' title='bbox 1349 1866 1387 1894; x_wconf 87' lang='lat' dir='ltr'>ut</span> <span class='ocrx_word' id='word_1_204' title='bbox 1406 1859 1463 1893; x_wconf 86' lang='lat' dir='ltr'>uix</span> <span class='ocrx_word' id='word_1_205' title='bbox 1484 1859 1528 1894; x_wconf 90' lang='lat' dir='ltr'>sit</span> <span class='ocrx_word' id='word_1_206' title='bbox 1546 1859 1644 1894; x_wconf 89' lang='lat' dir='ltr'>uobis</span> <span class='ocrx_word' id='word_1_207' title='bbox 1662 1872 1739 1906; x_wconf 89' lang='lat' dir='ltr'>pos-</span> 
     </span>
     <span class='ocr_line' id='line_1_22' title="bbox 276 1920 1739 1966; baseline 0 -12"><span class='ocrx_word' id='word_1_208' title='bbox 276 1920 374 1954; x_wconf 88' lang='lat' dir='ltr'>sibile</span> <span class='ocrx_word' id='word_1_209' title='bbox 403 1921 493 1966; x_wconf 85' lang='lat' dir='ltr'>quod</span> <span class='ocrx_word' id='word_1_210' title='bbox 522 1920 648 1955; x_wconf 86' lang='lat' dir='ltr'>ibidem</span> <span class='ocrx_word' id='word_1_211' title='bbox 681 1921 852 1955; x_wconf 88' lang='lat' dir='ltr'>conditori</span> <span class='ocrx_word' id='word_1_212' title='bbox 879 1920 1030 1955; x_wconf 86' lang='lat' dir='ltr'>omnium</span> <span class='ocrx_word' id='word_1_213' title='bbox 1060 1920 1203 1954; x_wconf 86' lang='lat' dir='ltr'>ualeatis</span> <span class='ocrx_word' id='word_1_214' title='bbox 1230 1926 1334 1966; x_wconf 89' lang='lat' dir='ltr'>prout</span> <span class='ocrx_word' id='word_1_215' title='bbox 1352 1920 1477 1966; x_wconf 88' lang='lat' dir='ltr'>cupitis</span> <span class='ocrx_word' id='word_1_216' title='bbox 1497 1921 1661 1955; x_wconf 90' lang='lat' dir='ltr'>deuotum</span> <span class='ocrx_word' id='word_1_217' title='bbox 1680 1920 1739 1954; x_wconf 89' lang='lat' dir='ltr'>im-</span> 
     </span>
     <span class='ocr_line' id='line_1_23' title="bbox 275 1980 1740 2028; baseline 0 -13"><span class='ocrx_word' id='word_1_218' title='bbox 275 1981 430 2028; x_wconf 88' lang='lat' dir='ltr'>pendere</span> <span class='ocrx_word' id='word_1_219' title='bbox 444 1981 642 2015; x_wconf 83' lang='lat' dir='ltr'>famulatum</span> <span class='ocrx_word' id='word_1_220' title='bbox 666 2002 672 2008; x_wconf 90' lang='lat'><strong>·</strong></span> <span class='ocrx_word' id='word_1_221' title='bbox 698 1981 791 2015; x_wconf 89' lang='lat' dir='ltr'>Hinc</span> <span class='ocrx_word' id='word_1_222' title='bbox 819 1987 872 2016; x_wconf 89' lang='lat' dir='ltr'>est</span> <span class='ocrx_word' id='word_1_223' title='bbox 898 1981 989 2028; x_wconf 90' lang='lat' dir='ltr'>quod</span> <span class='ocrx_word' id='word_1_224' title='bbox 1010 1993 1072 2015; x_wconf 88' lang='lat' dir='ltr'>nos</span> <span class='ocrx_word' id='word_1_225' title='bbox 1091 1986 1209 2015; x_wconf 86' lang='lat' dir='ltr'>uestre</span> <span class='ocrx_word' id='word_1_226' title='bbox 1228 1980 1415 2027; x_wconf 86' lang='lat' dir='ltr'>prouidere</span> <span class='ocrx_word' id='word_1_227' title='bbox 1435 1981 1543 2027; x_wconf 90' lang='lat' dir='ltr'>quieti</span> <span class='ocrx_word' id='word_1_228' title='bbox 1563 1994 1601 2016; x_wconf 86' lang='lat' dir='ltr'>ac</span> <span class='ocrx_word' id='word_1_229' title='bbox 1621 1982 1740 2028; x_wconf 82' lang='lat' dir='ltr'>malig-</span> 
     </span>
     <span class='ocr_line' id='line_1_24' title="bbox 276 2041 1741 2088; baseline 0.001 -12"><span class='ocrx_word' id='word_1_230' title='bbox 276 2055 397 2076; x_wconf 90' lang='lat' dir='ltr'>norum</span> <span class='ocrx_word' id='word_1_231' title='bbox 428 2041 571 2088; x_wconf 87' lang='lat' dir='ltr'>malicijs</span> <span class='ocrx_word' id='word_1_232' title='bbox 602 2042 742 2076; x_wconf 87' lang='lat' dir='ltr'>obuiare</span> <span class='ocrx_word' id='word_1_233' title='bbox 770 2042 929 2076; x_wconf 88' lang='lat' dir='ltr'>uolentes</span> <span class='ocrx_word' id='word_1_234' title='bbox 956 2051 964 2078; x_wconf 84' lang='lat' dir='ltr'>l</span> <span class='ocrx_word' id='word_1_235' title='bbox 991 2048 1029 2076; x_wconf 89' lang='lat' dir='ltr'>ut</span> <span class='ocrx_word' id='word_1_236' title='bbox 1055 2041 1169 2076; x_wconf 87' lang='lat' dir='ltr'>nullus</span> <span class='ocrx_word' id='word_1_237' title='bbox 1197 2042 1361 2076; x_wconf 87' lang='lat' dir='ltr'>decetero</span> <span class='ocrx_word' id='word_1_238' title='bbox 1389 2041 1554 2076; x_wconf 86' lang='lat' dir='ltr'>ecclesias</span> <span class='ocrx_word' id='word_1_239' title='bbox 1582 2049 1640 2077; x_wconf 93' lang='lat' dir='ltr'>aut</span> <span class='ocrx_word' id='word_1_240' title='bbox 1666 2043 1741 2077; x_wconf 89' lang='lat' dir='ltr'>loca</span> 
     </span>
     <span class='ocr_line' id='line_1_25' title="bbox 278 2102 1740 2150; baseline 0.001 -13"><span class='ocrx_word' id='word_1_241' title='bbox 278 2109 395 2138; x_wconf 80' lang='lat' dir='ltr'>uestra</span> <span class='ocrx_word' id='word_1_242' title='bbox 410 2115 493 2137; x_wconf 85' lang='lat' dir='ltr'>ausu</span> <span class='ocrx_word' id='word_1_243' title='bbox 509 2102 693 2136; x_wconf 86' lang='lat' dir='ltr'>temerario</span> <span class='ocrx_word' id='word_1_244' title='bbox 708 2108 886 2149; x_wconf 88' lang='lat' dir='ltr'>presumat</span> <span class='ocrx_word' id='word_1_245' title='bbox 902 2102 1094 2148; x_wconf 85' lang='lat' dir='ltr'>infringere</span> <span class='ocrx_word' id='word_1_246' title='bbox 1113 2111 1121 2138; x_wconf 92' lang='grc' dir='ltr'><em>Ι</em></span> <span class='ocrx_word' id='word_1_247' title='bbox 1137 2108 1196 2136; x_wconf 86' lang='lat' dir='ltr'>aut</span> <span class='ocrx_word' id='word_1_248' title='bbox 1214 2102 1247 2136; x_wconf 90' lang='lat' dir='ltr'>in</span> <span class='ocrx_word' id='word_1_249' title='bbox 1268 2102 1335 2136; x_wconf 91' lang='lat' dir='ltr'>illis</span> <span class='ocrx_word' id='word_1_250' title='bbox 1354 2102 1558 2137; x_wconf 88' lang='lat' dir='ltr'>uiolenciam</span> <span class='ocrx_word' id='word_1_251' title='bbox 1579 2103 1740 2150; x_wconf 87' lang='lat' dir='ltr'>dampna-</span> 
     </span>
     <span class='ocr_line' id='line_1_26' title="bbox 279 2162 1744 2208; baseline 0.001 -11"><span class='ocrx_word' id='word_1_252' title='bbox 279 2164 384 2198; x_wconf 87' lang='lat' dir='ltr'>bilem</span> <span class='ocrx_word' id='word_1_253' title='bbox 416 2163 830 2198; x_wconf 80' lang='lat' dir='ltr'>exercerelauctoritate</span> <span class='ocrx_word' id='word_1_254' title='bbox 857 2162 1075 2208; x_wconf 88' lang='lat' dir='ltr'>presencium</span> <span class='ocrx_word' id='word_1_255' title='bbox 1107 2163 1297 2197; x_wconf 85' lang='lat' dir='ltr'>districtius</span> <span class='ocrx_word' id='word_1_256' title='bbox 1325 2163 1519 2198; x_wconf 86' lang='lat' dir='ltr'>inhibemus</span> <span class='ocrx_word' id='word_1_257' title='bbox 1543 2184 1548 2190; x_wconf 94' lang='lat'><em>·</em></span> <span class='ocrx_word' id='word_1_258' title='bbox 1573 2163 1628 2198; x_wconf 91' lang='lat' dir='ltr'>Illi</span> <span class='ocrx_word' id='word_1_259' title='bbox 1660 2177 1744 2199; x_wconf 90' lang='lat' dir='ltr'>uero</span> 
     </span>
     <span class='ocr_line' id='line_1_27' title="bbox 282 2223 1743 2272; baseline 0.001 -15"><span class='ocrx_word' id='word_1_260' title='bbox 282 2224 339 2271; x_wconf 91' lang='lat' dir='ltr'>qui</span> <span class='ocrx_word' id='word_1_261' title='bbox 366 2223 473 2258; x_wconf 89' lang='lat' dir='ltr'>diuini</span> <span class='ocrx_word' id='word_1_262' title='bbox 504 2223 696 2270; x_wconf 88' lang='lat' dir='ltr'>postposito</span> <span class='ocrx_word' id='word_1_263' title='bbox 727 2223 850 2258; x_wconf 89' lang='lat' dir='ltr'>timore</span> <span class='ocrx_word' id='word_1_264' title='bbox 880 2223 1028 2258; x_wconf 87' lang='lat' dir='ltr'>nominis</span> <span class='ocrx_word' id='word_1_265' title='bbox 1060 2235 1159 2258; x_wconf 80' lang='lat' dir='ltr'>secus</span> <span class='ocrx_word' id='word_1_266' title='bbox 1186 2224 1301 2258; x_wconf 88' lang='lat' dir='ltr'>facere</span> <span class='ocrx_word' id='word_1_267' title='bbox 1333 2225 1609 2271; x_wconf 89' lang='lat' dir='ltr'>presumpserint</span> <span class='ocrx_word' id='word_1_268' title='bbox 1635 2233 1643 2261; x_wconf 92' lang='grc' dir='ltr'><em>Ι</em></span> <span class='ocrx_word' id='word_1_269' title='bbox 1668 2225 1743 2272; x_wconf 83' lang='lat' dir='ltr'>ipso</span> 
     </span>
     <span class='ocr_line' id='line_1_28' title="bbox 282 2283 1744 2332; baseline 0 -13"><span class='ocrx_word' id='word_1_270' title='bbox 282 2285 372 2319; x_wconf 84' lang='lat' dir='ltr'>facto</span> <span class='ocrx_word' id='word_1_271' title='bbox 392 2284 602 2319; x_wconf 86' lang='lat' dir='ltr'>sentenciam</span> <span class='ocrx_word' id='word_1_272' title='bbox 622 2283 992 2318; x_wconf 77' lang='lat' dir='ltr'>excommunicacionis</span> <span class='ocrx_word' id='word_1_273' title='bbox 1011 2284 1190 2319; x_wconf 82' lang='lat' dir='ltr'>incurrant</span> <span class='ocrx_word' id='word_1_274' title='bbox 1207 2293 1215 2320; x_wconf 85' lang='lat' dir='ltr'>l</span> <span class='ocrx_word' id='word_1_275' title='bbox 1233 2297 1252 2318; x_wconf 90' lang='lat' dir='ltr'>a</span> <span class='ocrx_word' id='word_1_276' title='bbox 1271 2297 1337 2331; x_wconf 83' lang='lat' dir='ltr'>qua</span> <span class='ocrx_word' id='word_1_277' title='bbox 1363 2297 1431 2319; x_wconf 90' lang='lat' dir='ltr'>non</span> <span class='ocrx_word' id='word_1_278' title='bbox 1460 2285 1594 2332; x_wconf 87' lang='lat' dir='ltr'>possint</span> <span class='ocrx_word' id='word_1_279' title='bbox 1612 2285 1744 2320; x_wconf 84' lang='lat' dir='ltr'>absolui</span> 
     </span>
    </p>
   </div>
  </div>
 </body>
</html>
