1922 2764
318 270 360 305 16
642 265 796 301 LIBER
823 264 1072 301 ECCLESIE
1102 264 1272 300 COLLE
1279 263 1442 300 GIATE

314 372 443 400 trarum
470 373 478 400 l
504 377 567 411 pro
593 363 692 398 nobis
720 369 755 398 et
782 358 1038 397 successoribus
1066 361 1192 395 nostris
1220 361 1303 395 dicti
1335 360 1543 395 Monasterii
1574 360 1617 395 de
1646 359 1775 395 North-

314 425 438 461 bervik
464 424 637 472 priorissis
665 429 700 458 et
728 428 902 458 conuentu
927 435 991 469 pro
1017 427 1173 468 tempore
1199 421 1429 455 existentibus
1446 429 1455 457 l
1471 421 1504 455 in
1530 420 1675 468 singulis
1698 433 1777 468 pre-

315 485 428 520 missis
447 498 617 520 consensu
642 491 677 519 et
701 496 843 518 assensu
861 491 869 519 l
885 482 1097 529 presentium
1120 488 1242 516 tenore
1267 481 1424 515 omnibus
1449 481 1647 516 melioribus
1673 482 1777 516 modo

318 547 373 581 via
398 546 507 580 forma
534 546 612 593 jure
639 551 675 580 et
701 557 803 579 causa
833 543 957 590 quibus
987 542 1110 577 melius
1141 547 1176 576 et
1203 541 1374 576 efficacius
1404 554 1584 588 possumus
1612 548 1647 576 et
1673 542 1777 577 debe-

317 620 391 642 mus
419 606 695 644 lConsentimus
727 611 763 640 et
793 609 930 638 nostros
957 614 1147 637 consensus
1177 601 1307 648 pariter
1335 607 1371 636 et
1401 615 1562 637 assensus
1594 615 1778 650 expressos

318 669 521 703 exhibemus
549 667 699 701 Easdem
727 664 944 700 sanctitatem
963 669 999 698 et
1023 661 1347 697 reuerendissimam
1376 663 1617 709 paternitatem
1645 670 1779 698 vestras

317 728 523 763 alternatiue
558 732 744 774 propterea
779 724 936 759 omnibus
969 723 1162 757 humilitate
1199 728 1234 757 et
1269 723 1469 758 reuerentia
1503 723 1626 770 quibus
1660 737 1779 771 possu-

318 801 392 823 mus
411 788 658 823 exhortamur!
676 792 711 820 et
738 785 770 818 in
800 783 953 818 Domino
980 783 1107 818 obnixe
1135 796 1297 829 rogamus
1313 792 1322 819 Ι
1338 788 1508 830 quatenus
1540 784 1664 819 dictam
1691 785 1780 819 vica-

317 849 401 884 riam
432 854 634 896 perpetuam
666 844 889 893 parrochialis
917 843 1064 878 ecclesie
1092 844 1136 878 de
1168 843 1339 891 Mayboill
1370 838 1602 891 Glasguensis
1633 845 1782 880 diocesis

318 922 457 944 exnunc
487 914 590 956 prout
621 912 750 942 extunc
781 912 816 940 et
844 910 985 939 econtra
1013 917 1089 939 cum
1121 904 1227 951 ipsam
1259 917 1322 952 per
1353 917 1487 940 cessum
1514 905 1570 940 vel
1599 906 1780 941 decessum

317 969 528 1004 venerabilis
546 968 610 1003 viri
628 966 787 1014 magistri
805 965 927 1002 Jacobi
949 965 1124 1011 Kennedy
1143 965 1297 1000 eiusdem
1316 966 1473 1001 moderni
1491 967 1700 1013 possessoris
1720 980 1779 1002 seu

317 1030 471 1077 quamuis
499 1029 597 1064 aliam
624 1027 777 1063 eiusdem
807 1025 1040 1060 dimissionem
1068 1025 1125 1060 vel
1152 1026 1370 1061 amissionem
1396 1039 1459 1072 per
1487 1039 1564 1061 eum
1592 1027 1634 1062 de
1660 1027 1719 1062 illa
1744 1028 1778 1061 in

318 1092 475 1125 Romana
501 1090 594 1124 curia
622 1101 683 1123 seu
708 1093 807 1122 extra
826 1099 899 1121 eam
919 1093 955 1121 et
972 1086 1005 1120 in
1025 1086 1180 1133 partibus
1207 1092 1266 1121 aut
1291 1087 1374 1121 alias
1393 1087 1617 1133 quouismodo
1634 1096 1643 1123 l
1659 1100 1781 1123 vacare

317 1150 504 1198 contigerit
523 1150 570 1184 Et
588 1149 680 1183 illius
700 1148 831 1183 fructus
850 1147 1007 1182 redditus
1030 1153 1222 1194 prouentus
1245 1147 1323 1194 jura
1342 1148 1533 1183 oblationes
1552 1148 1780 1184 obuentiones

317 1218 353 1246 et
371 1211 591 1246 emolimenta
608 1210 772 1244 vniuersa
791 1215 824 1244 et
844 1209 887 1243 ad
912 1208 1004 1242 illam
1023 1208 1066 1242 de
1091 1208 1169 1254 jure
1188 1208 1243 1243 vel
1263 1209 1515 1243 consuetudine
1535 1210 1727 1256 spectantia
1745 1217 1780 1245 et

316 1272 529 1320 pertinentia
554 1271 597 1306 ad
624 1271 769 1305 effectus
788 1269 984 1316 respectiue
1004 1281 1089 1315 quos
1109 1281 1212 1315 supra
1263 1268 1468 1316 Apostolica
1487 1282 1547 1304 seu
1566 1270 1669 1304 etiam
1688 1270 1779 1305 ordi-

318 1334 414 1368 naria
439 1332 636 1380 respectiue
663 1330 925 1366 auctoritatibus
952 1329 1110 1363 diuidere
1141 1329 1271 1376 partire
1300 1342 1462 1376 separare
1490 1335 1525 1364 et
1551 1330 1779 1365 dimembrare

320 1394 376 1428 Ex
406 1394 543 1440 illisque
576 1393 624 1427 sic
655 1391 774 1426 diuisis
804 1390 940 1438 partitis
968 1390 1134 1437 separatis
1162 1395 1197 1424 ct
1227 1390 1462 1424 dimembratis
1491 1402 1590 1424 vnam
1618 1391 1778 1426 vicariam

319 1453 573 1501 pensionariam
604 1453 726 1487 decem
756 1452 920 1486 librarum
952 1450 1043 1485 dicte
1074 1456 1213 1485 monete
1245 1463 1319 1484 cum
1352 1450 1529 1485 mansione
1560 1463 1599 1485 ac
1628 1451 1715 1486 tofta
1745 1459 1780 1487 et,

320 1515 428 1549 crofta
445 1514 536 1549 dicte
555 1513 702 1549 ecclesie
722 1512 958 1547 adiacentibus
977 1511 1035 1545 vni
1056 1511 1184 1545 vicario
1210 1511 1430 1557 pensionario
1458 1512 1636 1558 perpetuis
1654 1512 1778 1547 futuris

319 1575 531 1622 temporibus
550 1575 583 1608 in
604 1587 686 1609 cura
703 1573 793 1608 dicte
813 1572 959 1607 ecclesie
979 1578 1016 1606 vt
1033 1571 1244 1618 premittitur
1263 1571 1481 1606 deseruituro
1503 1572 1557 1606 Ac
1576 1572 1661 1607 duos
1680 1586 1779 1607 cano-

319 1636 452 1670 nicatus
483 1641 519 1670 et
549 1635 632 1670 duas
660 1633 856 1681 prebendas
885 1645 929 1667 ex
962 1632 1110 1667 residuis
1136 1632 1305 1666 fructibus
1332 1632 1423 1667 dicte
1452 1632 1579 1667 vicarie
1609 1640 1779 1681 perpetue

320 1696 544 1731 dimembrate
570 1695 603 1729 in
631 1695 722 1729 dicta
741 1693 900 1729 Ecclesia
920 1692 1116 1739 Collegiata
1140 1693 1182 1727 ad
1210 1693 1496 1728 sustentationem
1516 1694 1684 1728 dictorum
1703 1708 1779 1742 pre-

319 1757 562 1792 bendariorum
586 1756 620 1790 in
646 1755 767 1790 eadem
791 1753 970 1801 perpetuis
994 1753 1118 1788 futuris
1142 1753 1356 1800 temporibus
1378 1753 1479 1799 juxta
1502 1753 1609 1800 ipsius
1630 1755 1779 1802 Collegii

320 1819 505 1854 erectionis
520 1825 556 1853 et
568 1817 779 1852 fundationis
793 1822 950 1851 tenorem
965 1815 1261 1850 deseruiturorum
1281 1815 1351 1856 Qui
1366 1816 1410 1849 ad
1426 1816 1615 1851 solutiones
1630 1818 1779 1864 prefatas

320 1880 515 1927 respectiue
543 1885 580 1914 vt
606 1877 817 1926 premittitur
835 1876 964 1911 vicario
991 1876 1211 1923 pensionario
1229 1876 1404 1910 faciendas
1428 1883 1463 1911 ct
1485 1877 1586 1911 modo
1612 1878 1780 1924 premisso

322 1939 571 1986 impendendas
590 1938 760 1986 equaliter
780 1943 815 1972 et
833 1936 1029 1984 respectiue
1058 1949 1197 1971 exnunc
1223 1943 1258 1971 et
1283 1937 1462 1984 perpetuis
1480 1938 1603 1973 futuris
1621 1941 1781 1986 tempori-

322 2001 385 2034 bus
403 2000 493 2035 inter
512 2013 572 2035 eos
590 1999 794 2034 diuidendas
813 1998 1024 2033 tenebuntur
1043 1997 1287 2043 obligabuntur
1306 2004 1342 2032 et
1360 1998 1599 2045 astringuntur
1649 1999 1780 2036 Creare

324 2061 460 2108 erigere
489 2067 524 2095 et
548 2060 759 2095 constituere
784 2059 944 2105 illamque
974 2064 1144 2105 perpetuo
1169 2058 1260 2092 dicte
1281 2057 1477 2105 Collegiate
1503 2058 1662 2094 Ecclesie
1681 2061 1780 2096 vnire

325 2127 510 2156 annectere
538 2127 573 2155 et
596 2121 817 2167 incorporare
846 2119 902 2153 Ac
927 2124 1144 2166 patronatum
1170 2125 1204 2153 et
1225 2119 1281 2165 jus
1306 2119 1531 2166 presentandi
1559 2120 1601 2154 ad
1619 2120 1779 2155 vicariam

325 2181 575 2228 pensionariam
598 2193 637 2215 ac
659 2180 879 2215 canonicatus
906 2185 941 2214 et
967 2179 1163 2226 prebendas
1188 2179 1362 2226 predictos
1379 2188 1388 2216 l
1404 2180 1568 2226 quociens
1596 2193 1655 2215 eos
1681 2181 1781 2216 simul

326 2242 381 2277 vel
400 2241 594 2288 respectiue
609 2241 786 2288 perpetuis
799 2240 923 2275 futuris
938 2240 1150 2286 temporibus
1169 2252 1292 2274 vacare
1308 2240 1495 2287 contigerit
1511 2249 1520 2277 l
1535 2240 1634 2275 nobis
1653 2246 1691 2275 et
1707 2254 1780 2276 suc—

327 2301 520 2337 cessoribus
547 2301 673 2335 nostris
699 2301 872 2347 priorissis
891 2307 926 2335 et
944 2301 1132 2335 conuentui
1151 2300 1233 2335 dicti
1252 2300 1459 2336 Monasterii
1478 2301 1521 2336 de
1541 2301 1781 2338 Northbervik
