1922 2764
632 244 672 278 B.
702 244 748 279 V.
777 244 945 278 MARIE
975 244 1042 278 ET
1072 244 1105 279 S.
1136 244 1294 279 ANNE.
1646 250 1692 281 23

229 341 412 387 jurandum
445 341 536 387 quod
571 341 605 375 in
640 341 835 376 huiusmodi
870 341 1107 388 resignatione
1139 342 1296 375 cessione
1328 348 1363 376 et
1393 342 1591 378 dimissione
1623 356 1690 378 non

232 401 423 436 interuenit
440 414 505 436 nec
524 402 736 437 interueniet
749 402 841 436 fraus
856 402 954 436 dolus
976 401 1140 448 Symonie
1155 401 1251 436 labes
1270 414 1330 436 seu
1350 402 1471 448 queuis
1491 403 1556 438 alia
1573 403 1691 438 illicita

231 462 344 508 pactio
372 474 433 496 seu
460 462 657 509 corruptela
712 463 760 497 Et
789 462 1002 509 generaliter
1030 462 1143 496 omnia
1171 462 1237 496 alia
1268 468 1303 496 et
1336 462 1471 509 singula
1496 463 1689 498 faciendum

232 522 403 569 agendum
423 522 607 557 dicendum
635 530 670 557 et
696 523 948 570 procurandum
977 535 1043 569 que
1070 523 1104 556 in
1132 522 1309 569 premissis
1329 529 1364 557 et
1388 523 1480 557 circa
1506 536 1547 557 ea
1573 537 1691 559 neces-

231 582 320 617 saria
345 582 475 617 fuerint
502 596 562 618 seu
590 583 737 630 qualiter
765 589 959 631 opportuna
977 583 1023 618 Et
1042 596 1108 630 que
1135 583 1282 630 ipsemet
1300 583 1458 617 dominus
1476 584 1691 619 constituens

230 643 361 678 faceret
378 656 440 677 seu
458 643 572 679 facere
591 644 700 691 possit
725 644 752 679 si
779 644 955 691 premissis
974 644 1131 678 omnibus
1151 651 1187 679 et
1205 643 1351 690 singulis
1378 656 1523 690 presens
1551 657 1691 691 person—

230 704 330 738 aliter
349 704 535 739 interesset
575 704 737 740 Promisit
755 705 896 752 insuper
914 705 1005 739 idem
1025 705 1183 739 dominus
1203 705 1418 739 constituens
1436 705 1538 739 michi
1558 706 1692 740 notario

230 764 368 811 publico
396 765 589 812 subscripto
609 771 778 812 tamquam
798 766 935 813 publice
955 772 991 800 et
1008 768 1204 800 auctentice
1230 778 1379 812 persone
1398 765 1568 812 legittime
1588 766 1690 813 stipu-

230 825 314 859 lanti
332 837 371 859 ac
389 825 466 860 vice
485 831 520 860 et
538 825 676 860 nomine
704 827 853 860 omnium
882 832 918 861 et
944 826 1157 873 singulorum
1177 839 1321 873 quorum
1349 826 1496 861 interest
1522 833 1580 861 aut
1606 826 1691 861 inte-

230 898 325 920 resse
360 886 489 933 poterit
519 886 667 933 qualiter
697 887 731 920 in
762 887 914 921 futurum
946 887 1127 934 recipienti
1150 896 1158 923 Ι
1180 899 1217 921 se
1248 893 1358 921 ratum
1389 893 1527 933 gratum
1558 887 1689 921 firmum

230 953 332 992 atque
352 947 473 981 stabile
492 947 620 982 habere
640 959 679 981 ac
696 954 867 994 perpetuo
885 947 1081 982 habiturum
1098 953 1205 982 totum
1225 947 1259 981 id
1275 954 1310 982 et
1324 947 1487 994 quicquid
1505 960 1566 994 per
1583 948 1692 983 dictos

230 1020 309 1042 suos
334 1014 578 1054 procuratores
604 1014 663 1043 aut
687 1021 804 1043 eorum
832 1009 980 1055 aliquem
1008 1008 1217 1043 coniunctim
1237 1014 1272 1043 et
1290 1008 1427 1043 diuisim
1454 1008 1486 1042 in
1515 1009 1691 1055 premissis

229 1081 291 1104 seu
316 1069 562 1116 premissorum
588 1070 702 1117 aliquo
729 1076 842 1104 actum
870 1071 998 1104 dictum
1024 1070 1151 1104 factum
1178 1076 1315 1116 gestum
1343 1082 1404 1104 seu
1432 1070 1690 1116 quomodolibet

228 1136 447 1176 procuratum
478 1130 584 1165 fuerit
600 1139 608 1167 l
625 1131 688 1165 sub
719 1131 891 1178 ypotheca
921 1137 957 1165 et
987 1130 1198 1176 obligatione
1227 1130 1376 1164 omnium
1410 1136 1445 1164 et
1476 1130 1691 1178 singulorum

229 1190 396 1224 bonorum
415 1203 553 1225 suorum
573 1191 748 1225 mobilium
764 1197 799 1226 et
816 1191 1038 1225 immobilium
1057 1191 1271 1237 presentium
1291 1197 1326 1226 et
1343 1192 1535 1225 futurorum
1553 1201 1561 1227 Ι
1581 1192 1693 1238 Super

228 1250 351 1296 quibus
369 1251 527 1286 omnibus
546 1258 581 1286 et
599 1251 744 1298 singulis
763 1251 917 1298 prefatus
936 1252 1095 1286 dominus
1111 1252 1326 1286 constituens
1345 1264 1363 1286 a
1382 1264 1435 1286 me
1454 1252 1588 1286 notario
1608 1253 1691 1299 pub—

228 1311 294 1346 lico
321 1312 515 1359 subscripto
542 1312 606 1346 sibi
625 1313 700 1347 fieri
728 1313 829 1359 petiit
848 1319 883 1347 et
900 1312 1083 1359 requisiuit
1111 1324 1213 1346 vnum
1234 1312 1289 1346 vel
1317 1312 1416 1358 plura
1441 1312 1613 1359 publicum
1635 1313 1689 1347 vel

227 1372 365 1418 publica
381 1372 647 1407 instrumentum
667 1379 702 1408 et
720 1373 950 1407 instrumenta
972 1394 977 1399 -
1003 1372 1094 1407 Acta
1113 1379 1212 1407 erant
1238 1372 1302 1407 hec
1330 1373 1363 1406 in
1391 1373 1525 1420 prefata
1543 1374 1690 1422 ecclesia

231 1432 444 1479 Glasguensi
470 1433 555 1468 hora
581 1446 718 1468 nouena
736 1439 816 1468 ante
843 1433 1022 1468 meridiem
1041 1440 1100 1468 aut
1121 1433 1259 1468 circiter
1277 1442 1285 1469 Ι
1302 1434 1365 1468 sub
1384 1446 1474 1468 auno
1493 1434 1548 1468 die
1571 1447 1689 1469 mense

228 1493 423 1528 Indictione
443 1500 478 1528 et
496 1494 697 1541 pontificatu
716 1494 840 1541 quibus
868 1507 971 1541 supra
1024 1494 1250 1529 Presentibus
1270 1494 1396 1529 ibidem
1417 1495 1563 1529 dominis
1584 1495 1689 1530 Petro

229 1554 311 1589 Law
325 1561 361 1589 et
374 1555 534 1591 Johanne
550 1555 678 1590 Foular
693 1555 879 1603 capellanis
894 1555 1068 1601 magistris
1082 1555 1243 1591 Johanne
1258 1555 1467 1590 Houstoune
1483 1562 1518 1590 et
1535 1556 1690 1590 Roberto

231 1614 438 1651 Houstoune
457 1616 604 1651 testibus
623 1617 664 1651 ad
683 1616 851 1664 premissa
869 1616 1000 1651 vocatis
1018 1617 1148 1663 pariter
1167 1623 1203 1651 et
1221 1616 1352 1663 rogatis

324 1737 393 1772 ET
419 1737 530 1773 EGO
555 1738 836 1774 JOHANNES
863 1737 1064 1772 BRIDYN
1082 1738 1269 1784 presbyter
1291 1736 1522 1783 Glasguensis
1542 1736 1688 1771 diocesis

323 1799 481 1845 publicus
500 1812 596 1834 sacra
615 1799 820 1846 Apostolica
838 1798 1042 1833 auctoritate
1061 1798 1215 1832 notarius
1265 1797 1358 1838 Quia
1376 1796 1551 1844 premissis
1573 1795 1668 1843 [eta]

227 2010 530 2075 PREBENDA
559 2037 724 2073 PRIMA
747 2050 809 2084 per
828 2049 882 2072 me
901 2037 1100 2083 magistrum
1119 2036 1287 2072 Jacobum
1312 2035 1545 2070 subdecanum
1564 2036 1687 2070 labori—

226 2101 289 2134 bus
307 2106 342 2135 et
360 2099 529 2134 industria
554 2111 679 2145 magna
705 2098 789 2132 meis
808 2097 850 2132 ad
870 2097 1030 2132 effectum
1049 2109 1124 2131 mee
1149 2096 1341 2143 prescripte
1360 2096 1571 2131 fundationis
1591 2104 1626 2131 et
1644 2098 1686 2131 ad

226 2161 334 2195 diuini
352 2160 464 2195 cultus
491 2165 713 2206 augmentum
732 2170 771 2192 ac
790 2158 949 2192 decorem
978 2156 1176 2204 pariterque
1203 2156 1424 2203 splendorem
1451 2156 1634 2204 impetrata
1652 2164 1687 2192 et

226 2220 392 2268 acquisita
416 2219 647 2254 intitulabitur
665 2227 672 2254 Ι
691 2217 875 2253 Prebenda
903 2218 1028 2252 Sancte
1048 2227 1084 2252 et
1105 2217 1290 2252 Indiuidue
1310 2216 1493 2252 Trinitatis
1510 2226 1519 2253 l
1537 2217 1583 2252 Et
1608 2230 1685 2265 pre-

227 2281 411 2316 bendarius
438 2280 592 2315 eiusdem
608 2288 615 2314 1
635 2278 910 2325 Archiprisbiter
927 2287 935 2314 Ι
951 2278 985 2312 in
1013 2278 1135 2313 eodem
1156 2277 1317 2325 Collegio
1335 2290 1398 2325 per
1416 2290 1470 2313 me
1488 2278 1632 2312 fundato
1650 2285 1686 2313 et
