1922 2764
654 213 694 248 B.
724 213 771 248 V.
801 212 970 248 MARIE
998 213 1066 248 ET
1095 214 1129 248 S.
1159 213 1318 248 ANNE.
1668 217 1713 248 85

253 343 326 408 ΙΝ
349 373 439 407 DEI
464 372 673 408 NOMINE
694 372 809 406 Amen
833 392 838 398 ·
863 371 931 405 Per
949 371 1014 405 hoo
1031 370 1205 417 publicum
1224 370 1488 404 instrumentum
1505 370 1638 404 cunctis
1656 383 1712 416 pa-

254 439 326 468 teat
345 434 436 480 quod
455 446 544 468 anno
565 432 812 467 incarnationis
830 431 1016 466 Dominice
1034 430 1215 464 millesimo
1235 429 1512 476 quingentesimo
1532 430 1714 476 vigesimo-

255 494 401 540 septimo
420 494 476 528 die
495 506 580 528 vero
599 493 751 528 secundo
769 492 897 527 mensis
924 491 1010 526 Maii
1028 500 1036 527 l
1054 491 1094 525 In
1113 490 1181 525 mei
1207 490 1331 524 notarii
1358 490 1485 536 publici
1514 496 1549 524 et
1575 491 1713 524 testium

255 554 525 600 subscriptorum
557 553 733 600 presentia
762 552 992 600 personaliter
1024 551 1230 586 constitutus
1262 550 1432 585 discretus
1463 550 1515 584 vir
1549 551 1714 597 magister

258 613 441 649 Gilbertus
460 613 681 648 WVichtmann
700 619 815 648 rector
833 613 876 647 de
896 612 999 658 Lyne
1019 612 1174 646 existens
1192 611 1226 645 in
1247 616 1337 645 statu
1352 617 1387 645 et
1402 610 1525 645 saisina
1540 611 1715 645 cuiusdam

254 674 516 709 annuiredditus
535 680 681 720 quatuor
708 673 893 707 solidorum
919 672 1059 707 leuandi
1081 672 1124 707 de
1151 677 1353 706 tenemento
1379 670 1548 706 ,Iohannis
1577 670 1654 704 Lok
1681 671 1714 704 in

254 735 309 769 via
334 735 502 770 tendente
524 747 544 768 a
563 734 677 769 Cruce
705 734 820 768 Forali
847 733 996 768 ciuitatis
1017 732 1249 779 Glasguensis
1276 732 1317 766 ad
1350 731 1485 765 Portam
1514 731 1715 765 Australem

254 796 409 830 eiusdem
436 808 480 830 ex
506 802 604 842 parte
623 794 828 829 occidentali
848 793 1036 829 eommunis
1054 793 1122 828 vici
1145 793 1283 839 jacente
1311 792 1403 826 inter
1430 798 1540 826 terras
1560 792 1715 825 Eduardi

256 857 354 892 Scott
380 869 424 890 ex
450 855 581 890 boreali
608 861 644 890 et
669 861 779 889 terras
801 855 966 889 willelmi
994 854 1115 901 Roger
1142 854 1199 900 qui
1226 853 1321 900 prius
1348 853 1487 887 fuerant
1512 852 1715 887 Archibaldi

256 917 425 951 VVatsoun
454 929 498 951 ex
524 915 664 950 australi
692 915 846 962 partibus
868 924 877 951 Ι
899 915 946 950 Et
972 915 1005 948 in
1033 914 1190 949 manibus
1216 913 1426 948 honorabilis
1454 905 1519 947 riri
1546 912 1716 948 Johannis

258 978 363 1024 Gayn
381 977 482 1012 vnius
508 977 712 1011 balliuorum
732 976 823 1010 dicte
842 976 991 1010 ciuitatis
1014 974 1245 1021 Glasguensis
1271 974 1426 1021 prefatus
1453 974 1618 1019 magister
1641 973 1716 1007 Gil-

254 1039 373 1073 bertus
399 1038 591 1085 predictum
619 1050 716 1072 suum
744 1037 1069 1071 annuumredditum
1088 1035 1281 1081 resignauit
1298 1047 1361 1082 per
1380 1035 1424 1068 lie
1442 1034 1529 1081 hesp
1549 1040 1584 1068 et
1603 1034 1716 1080 stapill

254 1099 473 1133 traditionem
502 1098 548 1133 Et
574 1098 639 1132 hoc
662 1098 697 1131 in
716 1097 868 1132 fauorem
888 1097 1096 1131 venerabilis
1115 1095 1180 1130 viri
1206 1095 1362 1142 magistri
1381 1095 1502 1131 Jacobi
1532 1095 1715 1129 Houstone

254 1159 441 1194 subdecani
462 1158 693 1205 Glasguensis
715 1179 721 1184 ·
745 1157 887 1192 Eisdem
906 1157 961 1192 die
981 1163 1016 1192 et
1034 1170 1124 1191 anno
1145 1156 1307 1190 Andreas
1327 1155 1450 1202 Loppe
1469 1155 1662 1202 resiguauit
1681 1155 1714 1189 in

255 1219 411 1254 manibus
443 1219 666 1266 suprascripti
701 1218 819 1253 balliui
851 1231 953 1252 vnum
986 1217 1312 1252 annuumredditum
1348 1222 1493 1263 quatuor
1529 1216 1715 1250 solidorum

254 1280 427 1315 annuatim
447 1280 631 1315 leuandum
651 1279 694 1314 de
713 1284 914 1314 tenemento
931 1278 1101 1314 Johannis
1123 1278 1258 1324 Glasgu
1283 1278 1421 1323 jacente
1449 1277 1483 1310 in
1510 1276 1644 1323 prefata
1663 1276 1717 1310 via

256 1354 321 1387 que
341 1341 436 1376 ducit
453 1353 472 1375 a
492 1340 606 1376 Cruee
625 1340 740 1374 Forali
759 1339 801 1374 ad
824 1339 1022 1373 Australem
1053 1339 1187 1373 Portam
1212 1351 1255 1373 ex
1278 1337 1483 1372 occidentali
1510 1344 1607 1384 parte
1627 1349 1716 1371 com-

255 1402 368 1436 munis
394 1401 449 1436 vie
477 1401 631 1436 eiusdem
662 1401 753 1435 inter
781 1406 891 1434 terras
922 1399 1093 1435 Johanuis
1125 1399 1274 1445 Rankyn
1304 1411 1348 1432 ex
1376 1398 1516 1432 australi
1544 1404 1579 1432 et
1605 1403 1715 1431 terras

255 1462 376 1498 Jacobi
397 1462 525 1509 Yonng
543 1475 587 1496 ex
608 1461 739 1496 boreali
765 1461 920 1508 partibus
939 1460 987 1495 Et
1004 1460 1069 1494 hoc
1087 1460 1120 1493 in
1140 1459 1292 1494 fauorem
1312 1459 1394 1493 dicti
1422 1458 1574 1505 magistri
1593 1457 1715 1493 Jacobi

257 1523 443 1558 Houstone
465 1544 471 1549 ·
494 1523 542 1557 Et
568 1522 724 1556 similiter
751 1521 881 1556 eisdem
900 1521 956 1555 die
976 1527 1011 1555 et
1029 1533 1118 1554 anno
1136 1519 1315 1555 Johannes
1339 1519 1542 1564 Strivelyng
1562 1518 1716 1552 existens

257 1584 291 1618 in
320 1590 411 1618 statu
438 1590 474 1618 et
500 1583 625 1618 saisina
651 1582 825 1617 cuiusdam
858 1581 1120 1616 annuiredditus
1147 1586 1293 1627 quatuor
1325 1580 1510 1614 solidorum
1542 1579 1716 1613 annuatim

255 1645 396 1679 leuandi
422 1645 465 1679 de
489 1650 690 1679 tenemento
714 1643 848 1677 Thome
877 1642 1049 1676 Blithman
1077 1641 1270 1687 resignauit
1297 1640 1424 1675 dictum
1451 1639 1716 1674 annuumreddi-

257 1713 327 1740 tum
354 1706 388 1740 in
414 1705 570 1740 manibus
589 1705 671 1739 dieti
698 1704 815 1739 balliui
842 1704 875 1737 in
895 1703 1048 1737 fauorem
1068 1701 1151 1736 dicti
1175 1701 1329 1747 magistri
1355 1700 1477 1736 Jacobi
1506 1700 1715 1734 Houstonel

260 1766 505 1814 Quodquidem
532 1771 769 1800 tenementum
793 1765 887 1811 jacet
913 1764 947 1797 in
974 1763 1109 1810 prefata
1134 1761 1189 1796 via
1216 1774 1281 1807 que
1309 1760 1403 1794 ducit
1421 1773 1439 1793 a
1460 1760 1573 1794 Cruce
1601 1758 1715 1792 Forali

256 1840 364 1874 Vsque
383 1828 426 1862 ad
447 1827 583 1861 Portam
605 1825 804 1860 Australem
823 1837 867 1859 ex
884 1829 982 1871 parte
999 1822 1157 1857 orientali
1176 1821 1363 1856 communis
1378 1820 1432 1854 vie
1452 1819 1604 1853 eiusdem
1625 1819 1715 1852 inter

258 1895 368 1923 terras
387 1887 522 1922 Thome
543 1886 757 1922 Cliddisdale
785 1898 829 1920 ex
855 1884 986 1918 boreali
1005 1890 1041 1918 et
1065 1889 1174 1917 terras
1201 1881 1324 1928 prefati
1352 1879 1505 1926 magistri
1530 1878 1652 1914 Jacobi
1671 1891 1715 1913 ex

257 1948 397 1983 australi
424 1947 578 1994 partibus
600 1967 606 1973 ·
631 1946 768 1987 Quibus
794 1943 1087 1991 resignationibus
1117 1942 1166 1976 sic
1182 1941 1281 1976 factis
1300 1941 1388 1975 idem
1417 1940 1563 1974 balliuus
1591 1945 1713 1973 statum

258 2015 293 2044 et
319 2008 479 2043 saisinam
508 2007 736 2042 hereditarios
765 2005 933 2040 dictorum
965 2001 1354 2037 annuorumreddituum
1385 2000 1518 2047 prefato
1550 2000 1714 2046 magistro

257 2069 388 2105 Jacobo
409 2068 617 2102 Houstoune
637 2066 775 2112 suisque
802 2064 989 2099 heredibus
1008 2069 1043 2097 et
1061 2061 1243 2108 assignatis
1270 2073 1333 2107 per
1360 2060 1404 2095 lie
1431 2060 1517 2106 hesp
1542 2066 1577 2094 et
1601 2060 1715 2107 stapill

259 2129 425 2164 dictorum
458 2133 735 2163 tenementorum
768 2124 975 2159 deliberauit
997 2145 1002 2150 -
1027 2122 1252 2157 Presentibus
1283 2121 1410 2156 ibidem
1442 2121 1600 2155 diseretis
1632 2121 1714 2155 viris

260 2190 417 2224 Roberto
445 2188 656 2223 Androsone
681 2186 855 2220 Willelmo
884 2184 996 2218 Adam
1023 2183 1183 2219 Johanne
1211 2181 1317 2228 Craig
1344 2188 1379 2215 et
1404 2181 1563 2216 Johanne
1586 2181 1713 2215 Gude·

258 2250 327 2284 ET
353 2248 463 2284 EGO
487 2248 665 2284 Johannes
683 2246 771 2280 Blak
790 2245 912 2279 artium
931 2243 1094 2290 magister
1112 2242 1296 2289 presbyter
1318 2241 1549 2287 Glasguensis
1567 2241 1713 2275 diocesis

257 2310 414 2357 publicus
434 2321 529 2343 saera
547 2306 750 2342 auctoritate
771 2305 974 2352 Apostoliea
993 2303 1145 2338 notarius
1199 2302 1292 2343 Quia
1313 2300 1409 2349 [eta]
