1922 2764
138 696 185 730 ix,

236 224 306 254 240
826 218 1104 254 APPENDIX.

237 329 377 376 Harpar
394 328 628 376 burgensibus
650 327 931 376 Glasguensibus
956 328 1103 363 testibus
1125 348 1131 354 -
1155 327 1291 363 Thoma
1310 327 1428 363 Cleric
1445 327 1572 364 clerico
1594 328 1696 364 Glas-

235 390 360 437 guensi
378 389 513 425 notario
530 389 669 437 publico
692 410 698 416 -

237 573 510 607 Instrumentum
525 572 630 607 annui
643 571 801 607 redditus
819 571 853 618 iij
875 570 1062 606 solidorum
1078 571 1121 607 de
1136 577 1337 608 tenemento
1357 572 1504 608 Roberti
1521 572 1670 620 Wrycht
1691 593 1697 599 ·

237 665 294 730 IN
314 695 391 730 Dm
410 707 554 730 NOMINE
575 695 691 730 Amen
714 716 720 722 -
745 694 812 730 Per
831 707 976 742 presens
999 696 1265 731 instrumentum
1285 702 1402 744 pateat
1423 717 1429 723 -
1452 697 1545 744 quod
1562 709 1653 731 anno
1679 709 1699 732 a

237 756 418 791 natiuitate
451 756 593 802 Dominj
626 755 807 790 millesimo
827 759 961 791 ccccm·
984 756 1045 791 xix
1067 777 1074 784 ·
1095 757 1224 792 mensis
1254 757 1340 804 Maij
1373 757 1429 792 die
1448 757 1505 805 viij
1529 778 1535 784 ·
1558 757 1599 792 In
1630 757 1699 792 mei

236 817 359 864 notarij
379 817 509 864 publici
527 822 562 852 et
580 816 720 851 testium
739 816 1011 864 subscriptorum
1029 817 1211 864 presencia
1240 818 1471 865 personaliter
1489 817 1699 853 constitutus

238 877 415 913 Robertus
435 877 585 924 Wrycht
602 877 788 924 burgensis
808 877 958 912 ciuitatis
977 890 1016 912 ac
1033 878 1137 925 burgi
1155 878 1198 913 de
1221 878 1357 925 Glasgu
1378 899 1385 906 ·
1407 878 1566 914 vendidit
1587 899 1593 906 ·
1615 891 1699 914 ven-

236 939 357 974 erabili
375 939 450 973 viro
468 938 618 985 Johannj
642 937 833 973 senescalli
852 938 1050 974 subdecano
1077 939 1225 974 ecclesie
1247 937 1478 986 Glasguensis
1500 959 1506 966 ·
1529 945 1601 974 tres
1621 938 1700 974 soli-

236 1000 297 1035 dos
317 1000 422 1035 annui
440 1000 597 1035 redditus
620 1021 626 1027 -
649 1000 693 1035 de
712 1000 859 1047 quodam
888 1006 1091 1035 tenemento
1121 1000 1257 1036 iacente
1276 1001 1311 1035 in
1330 1000 1422 1036 dicta
1439 1000 1579 1036 ciuitate
1598 1000 1700 1036 Glas-

234 1061 359 1108 guensi
382 1082 388 1088 ·
411 1061 445 1095 in
466 1061 600 1108 Magno
620 1061 711 1096 Vico
730 1061 886 1096 eiusdem
908 1082 914 1088 ·
936 1061 1105 1096 tendente
1124 1061 1166 1096 ab
1182 1061 1342 1097 Ecclesia
1358 1061 1560 1097 Catbedrali
1577 1074 1700 1097 versus

237 1122 386 1158 Crucem
408 1122 488 1157 Fori
508 1135 552 1163 ex
578 1128 676 1170 parte
695 1122 901 1158 occidentali
928 1123 1083 1158 eiusdem
1102 1123 1169 1158 vici
1190 1144 1197 1151 ·
1219 1123 1310 1159 inter
1336 1129 1574 1159 tenementum
1593 1135 1700 1170 quon-

236 1184 313 1218 dam
333 1183 468 1218 Thome
488 1183 671 1231 Taylyour
693 1204 699 1210 ·
722 1184 815 1231 quod
833 1196 924 1219 nunc
954 1190 1053 1219 tenet
1084 1184 1242 1219 dominus
1275 1184 1472 1232 Stephanus
1502 1184 1545 1219 de
1577 1184 1700 1219 Pollok

237 1245 392 1280 eiusdem
412 1244 547 1280 Thome
566 1245 656 1279 filius
675 1258 720 1280 ex
737 1251 835 1292 parte
850 1245 992 1280 australi
1014 1266 1020 1272 ·
1044 1251 1080 1281 et
1097 1251 1225 1281 terram
1242 1246 1368 1281 Sancte
1388 1245 1521 1281 Tanew
1539 1257 1584 1280 ex
1602 1251 1700 1292 parte

238 1305 359 1341 boriali
381 1325 388 1332 ·
410 1318 473 1352 pro
491 1305 616 1353 viginti
644 1312 681 1341 et
706 1312 784 1341 octo
812 1306 930 1341 solidis
954 1307 1082 1341 vsualis
1108 1312 1247 1342 monete
1269 1306 1390 1342 Scocie
1412 1327 1418 1334 -
1442 1306 1535 1342 Acta
1559 1306 1702 1341 fuerunt

237 1366 303 1401 hec
321 1366 355 1400 in
374 1366 531 1413 predicta
549 1365 689 1401 ciuitate
712 1366 926 1413 Glasguensi
957 1367 991 1401 in
1024 1367 1100 1402 loco
1130 1367 1357 1402 habitacionis
1388 1367 1542 1402 eiusdem
1574 1367 1702 1402 domini

242 1427 437 1462 Subdecani
459 1448 465 1454 ·
487 1427 709 1474 presentibus
736 1427 896 1462 discretis
914 1427 998 1462 viris
1025 1428 1165 1463 domino
1191 1428 1352 1464 Johanne
1385 1428 1576 1463 Proctoure
1607 1440 1702 1475 pres-

238 1488 363 1535 bytero
386 1509 392 1515 -
417 1487 571 1535 Hugone
591 1488 634 1522 de
655 1487 765 1523 Calde
786 1487 866 1523 Wel
893 1488 1057 1523 scutifero
1079 1509 1085 1515 ·
1107 1488 1268 1525 Johanne
1297 1489 1372 1523 Raa
1393 1509 1399 1515 ·
1422 1494 1458 1524 et
1477 1488 1558 1523 Ada
1578 1488 1702 1523 Senes-

239 1549 316 1584 calli
343 1549 576 1596 burgensibus
595 1549 678 1584 dicti
704 1549 807 1596 burgi
837 1549 984 1584 testibus
1006 1570 1012 1576 -
1035 1549 1195 1586 Johanne
1228 1550 1271 1585 de
1305 1549 1463 1596 Hawyke
1494 1549 1701 1596 presbytero

244 1610 476 1657 Glasguensis
495 1610 642 1646 diocesis
662 1610 796 1646 notario
814 1610 953 1658 publico
975 1631 981 1636 -

241 1794 371 1834 Quieta
388 1793 551 1829 clamacio
568 1793 738 1830 Johannis
759 1793 883 1841 Smyth
914 1793 957 1828 de
986 1793 1020 1840 iij
1053 1793 1146 1828 rodis
1177 1799 1271 1828 terre
1301 1792 1504 1840 campestris
1534 1805 1638 1840 super
1669 1792 1702 1828 le

241 1855 368 1890 Crukis
389 1855 530 1890 Knowis
552 1876 557 1882 ·

241 1948 298 2014 ΙΝ
318 1978 395 2014 DEI
416 1990 558 2014 NOMINE
580 1978 697 2014 Amen
718 1999 725 2005 ·
749 1978 856 2013 Anno
883 1978 925 2013 ab
952 1977 1203 2013 incarnacionis
1230 1977 1384 2012 eiusdem
1405 1976 1594 2012 secundum
1613 1988 1702 2011 com·

241 2040 460 2087 putacionem
491 2040 638 2075 ecclesie
672 2039 852 2075 Scoticane
883 2038 1065 2074 millesimo
1093 2043 1227 2074 ccccm·
1250 2038 1339 2073 xix·
1362 2037 1490 2073 mensis
1517 2036 1673 2083 Januarij
1695 2057 1701 2063 ·

242 2101 298 2135 die
316 2100 435 2135 Vltima
456 2121 462 2127 ·
485 2100 527 2135 In
546 2101 614 2136 mei
632 2101 754 2148 notarij
776 2107 812 2136 et
829 2100 969 2136 testium
984 2100 1256 2148 subscriptorum
1274 2099 1456 2147 presencia
1472 2098 1702 2146 personaliter

242 2161 448 2196 constitutus
486 2161 665 2197 Johannes
707 2161 829 2209 Smyth
859 2181 866 2188 ·
893 2160 1079 2208 burgensis
1117 2160 1220 2207 burgi
1251 2161 1294 2195 de
1328 2160 1465 2207 Glasgu
1488 2159 1631 2194 -iacens
1667 2158 1702 2193 in

241 2222 332 2257 lecto
352 2221 559 2268 egritudinis
576 2222 749 2257 fatebatur
768 2235 805 2257 se
824 2222 1024 2257 vendidisse
1050 2227 1159 2257 totum
1183 2222 1239 2269 jus
1258 2228 1294 2257 et
1311 2221 1478 2257 clameum
1504 2233 1571 2268 que
1598 2219 1703 2255 habet

243 2283 275 2317 in
296 2282 406 2318 tribus
425 2283 518 2318 rodis
538 2283 611 2318 siue
629 2283 807 2330 perticatis
835 2289 929 2319 terre
948 2282 1150 2330 campestris
1176 2282 1368 2318 iacentibus
1399 2294 1502 2328 super
1521 2281 1553 2316 le
1574 2280 1701 2316 Crukis
