1922 2764
104 511 160 545 68.

103 1798 161 1836 69.

606 219 821 254 ORDINIS
852 218 1287 254 PREDICATORUM.
1609 224 1665 255 2·:

1635 225 1654 256 ῐυ

1662 226 1679 256 ι),

215 391 421 438 Preceptum
444 390 553 437 Regis
573 403 635 437 pro
655 390 780 424 saisina
799 389 919 424 decem
938 401 1134 423 met-carum
1154 389 1197 423 de
1217 389 1321 423 terris
1340 389 1383 423 de
1405 389 1633 425 Strathavene

211 483 380 549 Jacobus
400 515 469 550 Dei
489 516 606 562 gracia
629 515 706 549 Rex
728 515 907 550 Scotorum
926 515 1122 550 vicecomiti
1147 520 1183 549 et
1209 514 1345 549 balliuis
1375 515 1444 549 suis
1472 515 1514 550 de
1542 515 1681 550 Lanark

212 588 347 610 necnon
367 576 502 611 dilectis
531 576 658 611 nostris
684 576 813 612 Joanni
842 576 1069 611 Robertoune
1102 576 1145 610 de
1179 575 1299 610 Ernok
1331 575 1459 612 Joanni
1491 575 1682 610 Litiliohne

211 637 380 684 burgensi
395 637 438 672 de
455 637 693 672 Hammiltone
713 644 748 672 et
765 637 891 684 Joanuj
916 637 1152 672 Hammiltone
1171 650 1210 672 ac
1225 649 1342 672 eorum
1359 637 1503 672 cuilibet
1517 638 1681 672 coniunc-

212 697 271 732 tim
291 704 326 733 et
345 698 482 732 diuisim
500 698 763 734 vicecomitibus
782 699 909 733 nostris
928 698 971 733 de
988 698 1132 733 Lanark
1151 698 1184 732 in
1205 698 1268 732 hac
1286 704 1384 745 parte
1405 698 1549 733 salutem
1592 698 1685 739 Quia

211 759 369 794 dedimus
399 759 611 794 hereditarie
638 759 774 794 deuotis
807 760 934 794 nostris
967 760 1162 794 oratoribus
1192 759 1303 794 Priori
1331 766 1367 794 et
1385 759 1572 806 conuentuj
1602 759 1684 794 Fra-

210 826 299 854 trum
330 820 590 855 Predicatorum
620 820 770 855 ciuitatis
800 820 1033 867 Glasguensis
1065 827 1100 856 et
1128 833 1247 856 eorum
1284 821 1543 856 successoribus
1577 834 1680 855 vnum

209 893 360 916 annuum
375 881 548 916 redditum
564 882 685 917 decem
700 895 891 917 mei-carum
906 888 1046 917 monete
1060 882 1160 929 regnj
1182 882 1289 916 nostri
1306 881 1480 916 annuatim
1497 882 1682 916 leuandum

209 942 252 976 de
272 943 375 977 terris
402 942 446 978 de
468 943 698 978 Strathavene
730 943 765 977 in
793 943 936 978 baronia
966 949 1001 978 et
1020 943 1171 977 dominio
1202 943 1245 977 de
1267 942 1452 977 Avendale
1485 942 1574 977 infra
1592 942 1683 977 vice-

210 1003 407 1038 comitatum
427 1010 583 1038 nostrum
603 1004 646 1038 de
666 1003 809 1038 Lanark
828 1010 866 1038 ut
884 1004 918 1038 in
938 1010 1032 1038 carta
1050 1010 1169 1038 nostra
1198 1003 1349 1051 desuper
1368 1003 1527 1038 confecta
1544 1004 1684 1050 plenius

210 1064 408 1099 continetur
454 1064 566 1099 Vobis
584 1064 795 1112 precipimus
813 1065 974 1111 quatinus
993 1064 1136 1111 prefatis
1153 1064 1263 1098 Priori
1280 1071 1315 1099 et
1330 1064 1518 1099 conuentui
1536 1064 1591 1098 vel
1613 1065 1682 1098 suis

209 1125 315 1161 certis
334 1126 516 1160 attornatis
534 1126 701 1161 latoribus
719 1126 940 1173 presencium
955 1126 1114 1160 saisinam
1134 1125 1282 1173 predicti
1302 1126 1406 1159 annui
1425 1125 1583 1160 redditus
1603 1138 1679 1160 cuin

208 1187 431 1234 pertinentiis
459 1187 648 1222 secundum
681 1194 838 1221 tenorem
870 1187 963 1222 dicte
995 1192 1112 1221 nostre
1132 1192 1227 1221 carte
1258 1199 1359 1233 quam
1391 1187 1435 1221 de
1467 1186 1567 1221 nobis
1598 1186 1680 1221 inde

209 1248 338 1283 habent
353 1248 447 1295 juste
466 1248 585 1283 haberi
604 1248 737 1283 faciatis
781 1247 829 1282 Et
848 1247 922 1282 sine
937 1247 1102 1282 dilatione
1147 1247 1192 1281 Et
1209 1247 1274 1282 hoc
1288 1247 1384 1281 nullo
1399 1247 1501 1281 modo
1518 1247 1684 1282 omittatis

211 1310 271 1344 Ad
289 1310 382 1357 quod
399 1310 595 1345 faciendum
616 1310 714 1344 vobis
733 1315 768 1344 et
786 1315 941 1344 vestrum
973 1308 1116 1343 cuilibet
1134 1308 1344 1343 coniunctim
1374 1314 1410 1343 et
1433 1308 1569 1343 diuisim
1589 1308 1683 1343 vice—

210 1371 392 1406 comitibus
411 1371 539 1406 uostris
558 1371 601 1405 de
624 1370 763 1405 Lanark
781 1370 814 1404 in
835 1370 899 1404 hae
917 1375 1015 1416 parte
1035 1369 1278 1404 committimus
1296 1375 1504 1416 potestatem
1550 1369 1679 1404 Datum

211 1431 274 1466 sub
293 1431 492 1467 testimonio
507 1431 615 1466 nostri
636 1431 751 1477 magni
771 1430 874 1476 sigilli
908 1430 999 1477 apud
1026 1430 1236 1476 Edinburgh
1256 1430 1438 1465 vndecimo
1467 1430 1523 1465 die
1553 1431 1683 1465 mensis-1

213 1492 336 1540 Marcij
357 1505 447 1527 anno
466 1492 566 1539 regnj
587 1492 697 1527 nostri
716 1491 1005 1526 vicesimooctauo

214 1677 485 1711 Instrumentum
506 1675 632 1710 saisine
652 1688 757 1723 super
777 1681 943 1722 precepto
962 1675 1166 1722 precedenti

215 1769 501 1835 Instrumentum
520 1800 646 1835 saisine
665 1800 820 1835 eiusdem
847 1800 953 1835 annui
979 1800 1136 1835 redditus
1166 1812 1270 1846 super
1300 1800 1460 1834 mandato
1489 1799 1683 1846 prescripto

214 1860 293 1895 date
312 1873 402 1895 anno
420 1860 672 1895 incarnacionis
690 1861 877 1895 Dominice
898 1860 1078 1895 millesimo
1098 1860 1379 1907 quingentesimo
1405 1859 1684 1906 quadragesimo-

213 1921 324 1968 primo
355 1921 483 1956 mensis
513 1934 597 1956 vero
627 1921 782 1968 Januarij
816 1922 871 1956 die
907 1921 1183 1968 vigesimotertio
1215 1920 1407 1955 venerabili
1446 1920 1537 1967 patri
1570 1920 1684 1954 Fratri

216 1982 372 2017 Roberto
392 1982 471 2017 Lile
500 1982 611 2017 Priori
638 1982 704 2017 loci
723 1988 759 2017 et
776 1988 970 2017 conuentus
989 1982 1148 2017 Fratrum
1183 1981 1444 2016 Predicatorum
1475 1981 1509 2015 in
1542 1981 1683 2016 ciuitate

217 2043 431 2090 Glasguensi
450 2043 589 2078 nomine
608 2049 644 2078 et
662 2055 708 2078 ex
725 2049 823 2090 parte
843 2055 904 2078 sua
922 2049 959 2078 et
977 2043 1060 2077 dicti
1079 2049 1274 2077 conuentus
1291 2051 1299 2079 l
1316 2043 1349 2076 in
1370 2041 1453 2076 villa
1471 2042 1515 2077 de
1533 2041 1685 2077 Stratha-

214 2117 310 2139 wane
328 2104 550 2151 presentibus
564 2103 692 2139 ibidem
707 2104 867 2139 discretis
887 2110 923 2139 et
940 2103 1097 2139 honestis
1111 2103 1195 2138 viris
1211 2103 1430 2138 Archibaldo
1445 2102 1684 2138 Hammiltone

213 2165 256 2200 de
284 2165 453 2200 Lathame
508 2165 712 2200 Alexandro
740 2165 979 2200 Hammiltoun
1035 2164 1175 2200 Gauino
1204 2163 1352 2211 Murray
1403 2163 1564 2200 Johanne
1595 2163 1684 2198 Yule

216 2226 421 2261 Alexandro
441 2225 599 2261 Wilsone
618 2226 765 2261 testibus
788 2246 794 2252 ·
815 2225 953 2262 Joanne
984 2225 1038 2260 Ra
1064 2224 1261 2273 presbitero
1285 2223 1519 2272 Glasguensis
1538 2224 1686 2259 diocesis

214 2287 348 2322 notario
366 2286 505 2334 publico
526 2307 532 2313 ·
