1922 2764
625 201 666 235 B.
696 201 742 235 V.
771 200 941 235 MARIE
968 201 1037 235 ET
1066 201 1099 236 S.
1130 202 1287 237 ANNE.
1639 209 1684 239 33

226 332 529 397 PREBENDA
577 359 802 393 SEPTIMA
830 359 1061 394 intitulabitur
1085 368 1093 395 Ι
1115 359 1298 394 Prehenda
1328 362 1442 396 Sancti
1477 363 1686 410 Kentigerni

227 420 390 467 Episcopi
421 426 456 454 et
483 419 690 454 confessoris
715 429 723 455 Ι
746 420 842 454 cuius
868 420 1062 467 possessori
1093 421 1298 466 spectabunt
1324 421 1541 470 infrascripta
1563 433 1571 459 Ι
1592 425 1685 459 vide-

226 480 334 516 licet!
351 480 608 515 Tenementum
632 481 752 527 jacens
779 480 814 514 in
839 480 894 515 via
920 481 1058 527 publiea
1085 480 1234 515 ciuitatis
1257 481 1487 528 Glasguensis
1507 497 1572 530 que
1592 485 1686 520 ducit

227 542 269 575 ab
289 541 448 576 Ecclesia
475 541 747 588 Metropolitana
764 541 806 575 ad
827 541 977 576 Crucem
1001 541 1161 576 Foralem
1180 553 1224 576 ex
1244 542 1450 577 occidentali
1478 552 1575 590 parte
1599 545 1686 580 eius-

228 602 305 636 dem
334 602 425 636 inter
451 607 688 637 tenementum
708 602 879 648 quondam
907 601 1061 636 Eduardi
1082 602 1179 637 Scott
1197 615 1240 637 ex
1267 603 1398 637 boreali
1425 609 1460 638 et
1490 604 1684 640 Pretorium

232 661 454 709 Glasguense
473 675 516 697 ex
536 662 676 697 australi
694 671 702 699 l
718 675 794 697 eum
817 662 961 709 singulis
981 662 1138 697 domibus
1156 662 1378 697 inferioribus
1397 669 1432 698 et
1451 665 1685 711 superioribus

228 723 382 758 eiusdem
399 732 407 759 Ι
425 723 512 757 Item
538 723 627 757 vltra
653 723 820 770 premissa
845 723 1096 770 prebendarius
1115 723 1268 758 eiusdem
1296 723 1437 758 habebit
1456 737 1555 759 vnam
1576 738 1686 760 acram

227 789 321 818 terre
345 783 518 830 jacentem
546 783 579 817 in
608 783 717 818 crofta
743 783 867 818 Sancte
897 783 1003 818 Anne
1027 783 1119 818 inter
1143 789 1253 818 terras
1278 785 1499 831 prebendarii
1526 786 1616 820 sexti
1644 800 1687 821 ex

226 843 432 878 occidentali
454 843 500 878 Et
518 850 628 878 terras
647 843 868 890 prebendarii
887 844 999 879 octaui
1018 856 1063 879 ex
1082 844 1240 879 orientali
1267 845 1423 892 partibus
1444 866 1450 872 ·
1469 846 1687 882 Prescntatio

227 904 309 938 dicti
336 904 556 951 prebendarii
583 904 626 938 ad
652 904 798 939 balliuos
825 911 861 939 et
887 905 1046 939 consules
1073 905 1222 940 ciuitatis
1250 905 1483 952 Glasguensis
1501 915 1510 942 1¹
1529 907 1688 942 admissio

228 978 312 1000 vero
331 965 372 999 ad
394 965 608 1012 Prepositum
639 971 671 999 et
699 965 732 999 in
761 965 835 1000 eius
862 965 1018 1000 absentia
1044 966 1087 1000 ad
1113 966 1348 1013 presidentem
1377 973 1412 1001 et
1439 968 1688 1014 prebendarios

229 1026 320 1061 dicte
339 1026 486 1061 ecclesie
506 1026 676 1073 spectabit
695 1032 761 1060 etc.

229 1237 535 1303 PREBENDA
559 1268 777 1304 OCTAUA
798 1269 1029 1304 intitulabitur
1045 1278 1054 1305 l
1072 1268 1255 1304 Prebenda
1276 1270 1391 1304 Sancti
1413 1269 1572 1305 Nicholai
1590 1280 1598 1307 l
1615 1272 1690 1305 fun-

229 1328 307 1363 data
325 1342 387 1376 per
402 1342 456 1364 me
471 1329 672 1376 magistrum
692 1329 898 1365 Nicholaum
917 1329 1185 1376 Withirspowne
1206 1330 1369 1364 vicarium
1384 1331 1427 1365 de
1449 1331 1689 1367 Straithavane

230 1389 415 1436 capellanis
432 1390 699 1438 proximioribus
718 1391 761 1425 de
781 1390 950 1437 sanguine
970 1391 1124 1425 eiusdem
1142 1399 1150 1426 Ι
1167 1391 1291 1437 quibus
1311 1391 1552 1426 deficientibus
1581 1393 1688 1439 magis

230 1450 368 1497 ydoneo
387 1451 456 1485 filio
476 1451 593 1486 natiuo
612 1451 760 1486 ciuitatis
782 1451 1014 1498 Glasguensis
1068 1451 1205 1492 Quibus
1225 1452 1466 1487 deficientibus
1485 1453 1527 1487 ad
1547 1453 1689 1500 disposi-

229 1511 358 1546 tionem
385 1512 591 1546 balliuorum
610 1519 645 1547 et
663 1512 841 1547 consulum
865 1512 1014 1546 ciuitatis
1037 1512 1269 1558 Glasguensis
1296 1512 1452 1558 predicte
1469 1521 1478 1549 Ι
1497 1513 1691 1548 Reseruata

230 1578 344 1606 tamen
363 1572 465 1607 michi
480 1573 705 1619 dispositione
720 1573 914 1607 huiusmodi
929 1573 1107 1619 prebende
1124 1572 1361 1618 quoaduixero
1378 1581 1386 1609 l
1404 1573 1463 1607 Ad
1479 1574 1690 1608 exorandum

232 1632 449 1667 Altissimum
468 1646 531 1680 pro
545 1633 656 1668 anima
671 1647 748 1668 mea
762 1639 797 1668 et
811 1633 987 1668 animabus
1002 1633 1172 1680 quondam
1192 1633 1314 1669 Jacobi
1335 1633 1636 1681 VVitherspowvne
1657 1643 1691 1670 et

232 1693 378 1728 Bessete
400 1693 559 1741 Caidyou
584 1700 763 1741 parentum
784 1707 937 1728 meorum
957 1700 993 1728 et
1010 1693 1269 1728 benefactorum
1289 1707 1328 1729 ae
1346 1695 1523 1729 animabus
1543 1696 1690 1729 omnium

230 1753 381 1788 fidelium
402 1755 668 1791 defunctorum!
688 1755 758 1795 Qui
787 1767 862 1789 cum
891 1755 1017 1789 ceteris
1044 1754 1285 1801 prebendariis
1313 1755 1448 1801 singula
1475 1756 1582 1789 officia
1610 1756 1690 1790 dicti

233 1813 383 1861 Collegii
400 1815 587 1850 secundum
604 1822 760 1850 tenorem
776 1815 949 1862 presentis
961 1815 1173 1849 fundationis
1189 1815 1368 1849 exercebit
1405 1815 1470 1850 Cui
1486 1816 1692 1862 spectabunt

230 1881 431 1910 tenementa
445 1882 538 1910 terre
554 1882 589 1910 et
604 1876 708 1910 annui
724 1876 880 1910 redditus
899 1876 1092 1922 subscripta
1109 1884 1116 1910 l
1134 1875 1297 1909 videlicet
1313 1884 1321 1910 l
1339 1867 1594 1909 Tenemcntum
1610 1876 1691 1910 dicti

232 1936 311 1970 olim
329 1936 451 1972 Jacobi
472 1936 767 1983 Witherspovune
783 1937 904 1983 jacens
922 1936 956 1969 in
978 1935 1047 1969 Via
1066 1935 1252 1969 Furcarum
1273 1947 1316 1968 ex
1336 1942 1432 1981 parte
1448 1936 1587 1969 australi
1604 1936 1692 1970 eius-

232 1996 310 2030 dem
335 2002 414 2031 ante
434 2003 469 2032 et
486 2004 581 2032 retro
600 2010 676 2032 cum
696 2003 771 2031 orto
790 2003 826 2031 et
852 1995 1072 2043 pertinentiis
1092 1995 1245 2029 eiusdem
1266 1995 1479 2030 extendente
1498 1996 1540 2030 ad
1560 2002 1692 2031 torren-

232 2062 301 2091 tem
322 2056 576 2104 Malyndonare
596 2058 686 2092 inter
700 2063 811 2091 terras
829 2056 998 2092 Johannis
1019 2055 1150 2101 Mayne
1167 2068 1209 2089 ex
1226 2055 1383 2089 orientali
1404 2062 1438 2090 et
1456 2062 1567 2091 terras
1586 2070 1692 2104 quon-

233 2117 308 2152 dam
338 2117 455 2152 Dauid
486 2118 661 2153 Menteith
692 2130 734 2151 ex
765 2116 970 2151 occidentali
991 2124 998 2151 l
1023 2115 1109 2150 Item
1140 2128 1243 2149 vnum
1274 2121 1509 2150 tenementum
1538 2118 1691 2153 anterius

229 2177 348 2223 jacens
366 2177 400 2211 in
420 2177 476 2212 via
494 2190 560 2224 que
580 2177 675 2212 ducit
694 2190 712 2211 a
731 2177 827 2211 Loco
847 2176 1005 2210 Fratrum
1028 2175 1285 2210 Predicatorum
1305 2176 1346 2210 ad
1365 2176 1513 2212 Crucem
1534 2178 1691 2213 Foralem

233 2237 381 2272 ciuitatis
405 2238 636 2284 Glasguensis
657 2238 746 2272 inter
765 2242 1001 2272 tenementum
1017 2236 1187 2281 qnondam
1211 2235 1414 2271 Archibaldi
1437 2237 1628 2284 VVylsoune
1648 2253 1692 2273 ex

958 2305 974 2324 l]
