1922 2764
133 1959 191 1998 67.

631 255 847 291 ORDINIS
877 252 1312 289 PREDICATORUM.
1632 255 1697 286 221

241 368 405 403 sonaliter
434 366 580 402 accessit
608 365 820 400 honorabilis
847 365 899 399 vir
919 363 1126 399 Alexander
1156 362 1337 409 Hommyll
1364 361 1512 397 balliuus
1539 361 1641 408 burgi
1673 368 1708 395 et

240 428 389 463 ciuitatis
411 426 644 475 Glasguensis
663 427 705 461 ad
724 439 829 461 vnum
848 431 983 461 vastum
997 429 1235 460 tenementum
1251 435 1327 457 cum
1346 422 1573 470 pertinenciis
1587 422 1708 469 jacens

240 489 275 524 in
301 489 394 524 dicta
411 488 550 523 ciuitate
577 488 611 522 in
639 487 810 522 communi
830 487 885 521 via
916 485 1071 521 eiusdem
1103 497 1149 520 ex
1180 483 1387 519 occidentali
1416 489 1515 530 parte
1536 482 1706 529 Cimiterij

240 550 440 585 monasterii
456 549 616 584 Fratrum
633 548 893 583 Predicatorum
909 547 953 582 de
971 546 1115 593 Glasgw
1129 545 1222 580 inter
1236 551 1347 580 terras
1362 544 1533 578 dictorum
1547 543 1707 578 Fratrum

241 610 501 645 Predicatorum
521 622 567 645 ex
585 609 707 656 borialj
739 615 775 644 et
804 615 916 644 terras
935 608 1106 655 quondam
1138 606 1365 652 Archiebaldj
1388 605 1545 640 Wilsone
1565 617 1610 639 ex
1634 617 1708 638 aus-

239 672 317 707 trali
334 672 490 719 partibus
535 671 773 718 Quasquidem
789 677 899 705 terras
919 670 999 717 quia
1016 682 1084 704 non
1099 669 1243 704 fuerunt
1260 666 1516 714 restringibiles
1534 679 1597 713 pro
1612 672 1708 701 certo

239 745 353 768 annuo
383 732 522 768 redditu
542 732 734 767 venerabili
766 732 855 780 patri
887 731 1004 766 Fratri
1037 730 1195 765 Roberto
1226 729 1319 764 Lille
1347 740 1514 775 sacreque
1533 727 1709 773 theologie

238 795 434 830 bachalario
455 794 564 842 Priorj
586 794 669 830 dicti
697 793 898 828 monasterii
927 799 963 828 et
994 804 1056 827 suo
1075 791 1263 826 conuentui
1295 790 1359 837 eijs
1391 788 1511 824 debito
1542 788 1585 823 de
1617 788 1709 822 dicto

239 862 440 891 tenemento
460 861 495 890 et
526 855 621 890 nulla
640 854 817 889 solucione
836 854 879 889 de
899 853 1047 888 diuersis
1077 852 1176 887 annis
1206 851 1389 886 transactis
1421 849 1569 885 assecuti
1602 855 1681 884 sunt
1703 870 1708 875 -

238 917 436 964 Eapropter
454 917 547 952 idem
565 915 776 951 venerabilis
794 922 893 963 pater
923 914 1022 949 Prior
1041 920 1077 949 et
1105 913 1157 949 sui
1176 918 1370 948 conuentus
1396 924 1459 958 per
1487 923 1606 946 eorum
1633 923 1709 958 pro-

239 984 416 1013 curatores
443 977 638 1025 predictum
669 982 907 1012 tenementum
939 976 973 1010 in
1005 975 1116 1010 tribus
1134 974 1239 1022 curijs
1258 973 1461 1020 capitalibus
1489 984 1602 1007 coram
1633 984 1710 1019 pre-

238 1038 352 1086 posito
370 1038 506 1073 balliuis
526 1045 561 1073 et
579 1037 723 1073 consilio
739 1037 820 1072 dicti
840 1037 940 1083 burgj
961 1036 996 1070 in
1013 1036 1174 1071 Pretorio
1188 1035 1343 1070 eiusdem
1359 1033 1570 1082 judicialiter
1589 1046 1710 1079 recog-

239 1106 414 1135 nouerunt
432 1106 467 1134 et
485 1105 738 1147 recuperarunt
759 1120 765 1126 ·
790 1099 837 1133 Et
855 1104 977 1146 quarta
1003 1097 1099 1132 curia
1127 1096 1324 1132 immediate
1351 1095 1562 1130 adueniente
1591 1094 1710 1129 decre-

239 1167 367 1196 uerunt
385 1161 514 1195 dictum
532 1160 688 1195 Priorem
707 1165 744 1195 et
758 1172 855 1194 suum
871 1164 1082 1194 conuentum
1100 1157 1230 1192 habere
1245 1168 1443 1204 regressum
1461 1155 1708 1190 hereditarium

240 1222 281 1257 ad
296 1221 489 1269 predictum
505 1227 743 1257 tenementum
766 1241 772 1247 -
799 1220 980 1255 Premissis
995 1219 1219 1266 exigentibus
1237 1218 1328 1253 iden]
1347 1217 1551 1252 Alexander
1562 1216 1710 1251 balliuus

240 1289 365 1318 statum
383 1283 632 1318 hereditarium
651 1281 835 1330 prescripti
854 1281 1045 1328 tenementj
1066 1280 1201 1328 prefato
1220 1279 1413 1315 venerabili
1432 1278 1520 1326 patri
1545 1277 1656 1312 Priori
1676 1284 1711 1312 et

239 1357 301 1379 suo
320 1345 506 1392 conuentuj
528 1351 564 1379 et
582 1356 700 1379 eorum
731 1342 989 1378 successoribus
1008 1340 1217 1377 deliberauit
1239 1361 1245 1367 ·
1271 1340 1375 1375 Saluo
1398 1340 1476 1386 jure
1496 1338 1682 1373 cuiuslibet
1703 1359 1708 1364 -

240 1406 333 1442 Acta
351 1413 451 1442 erant
467 1406 533 1441 hec
552 1418 657 1454 super
676 1405 797 1440 solium
823 1404 906 1439 dicti
934 1403 1125 1439 tenementi
1153 1401 1375 1450 presentibus
1402 1401 1530 1436 ibidem
1548 1400 1710 1437 Johanne

241 1467 380 1503 Walcar
425 1467 601 1514 Stephano
630 1466 776 1513 Lowyss
821 1465 979 1500 Roberto
1009 1464 1146 1500 Gilmor
1191 1462 1363 1510 Fergusio
1392 1461 1502 1497 Wech
1552 1461 1709 1496 Roberto

240 1528 410 1564 Watsoun
430 1535 466 1563 et
481 1528 628 1563 Andrea
645 1527 820 1575 Flemyng
834 1527 961 1562 cliente
980 1525 1128 1560 testibus
1151 1546 1157 1552 ·
1179 1524 1341 1561 Johanne
1360 1523 1448 1558 Blak
1463 1522 1590 1558 clerico
1607 1522 1709 1557 Glas-

239 1590 382 1637 guensis
401 1589 550 1625 diocesis
580 1589 709 1624 arcium
742 1588 907 1636 magistro
926 1592 1159 1622 commorante
1191 1585 1224 1620 in
1259 1584 1415 1633 preclara
1445 1584 1585 1619 ciuitate
1608 1583 1709 1618 Glas-

239 1651 364 1698 guensi
382 1650 517 1686 notario
536 1650 674 1698 publico
697 1671 703 1676 -

244 1833 350 1868 Carta
370 1832 480 1879 Regis
499 1832 618 1867 decem
638 1843 827 1866 marcarum
847 1831 890 1865 de
910 1829 1013 1864 terris
1032 1828 1075 1864 de
1098 1828 1334 1864 Strathawane

242 1925 425 1993 JACOBUS
447 1958 518 1993 Dei
535 1957 652 2005 gracia
682 1957 763 1992 Rex
794 1958 973 1991 Scotorum
1019 1956 1197 1990 OMNlssus
1227 1954 1345 2001 probis
1375 1953 1570 1988 hominibus
1598 1953 1708 1988 tocius

243 2025 337 2054 terre
356 2031 417 2054 sue
436 2018 572 2054 clericis
591 2024 627 2053 et
648 2017 743 2053 laicis
763 2017 908 2052 salutem
955 2017 1100 2052 SCIATls
1120 2028 1184 2050 nos
1202 2015 1341 2050 dedisse
1361 2014 1574 2050 concessisse
1594 2020 1630 2049 et
1647 2014 1710 2048 hac

242 2079 398 2128 presenti
425 2084 519 2114 carta
544 2084 663 2114 nostra
693 2078 914 2113 confirmasse
945 2077 1157 2112 hereditarie
1189 2076 1326 2111 deuotis
1357 2075 1484 2111 nostris
1515 2075 1708 2110 oratoribus

244 2141 357 2176 Priori
376 2146 412 2176 et
429 2139 618 2175 conuentui
636 2139 797 2175 Fratrum
817 2138 1078 2174 Predicatorum
1105 2137 1255 2173 ciuitatis
1279 2136 1509 2184 Glasguensis
1536 2142 1572 2171 et
1590 2149 1708 2172 eorum

243 2201 501 2237 successoribus
535 2213 640 2235 vnum
673 2212 825 2235 annuum
859 2199 1033 2235 redditum
1066 2199 1188 2234 decem
1218 2211 1409 2234 marcarum
1440 2204 1578 2233 monete
1608 2198 1710 2244 regni

242 2263 352 2298 nostri
370 2262 545 2297 annuatim
574 2261 759 2297 leuandum
779 2266 815 2296 et
842 2260 1106 2308 percipiendum
1124 2260 1168 2295 ad
1185 2260 1272 2295 duos
1301 2259 1381 2294 anni
1409 2258 1576 2294 terminos
1605 2258 1710 2292 Festa

242 2325 407 2360 videlicet
420 2322 676 2360 Penthecostes
695 2330 731 2359 et
751 2322 867 2358 Sancti
885 2321 1030 2357 Martini
1047 2322 1082 2357 in
1100 2321 1214 2357 hieme
1233 2334 1296 2369 per
1311 2320 1451 2368 equales
1468 2320 1647 2368 portiones
1666 2320 1709 2354 de
