1922 2764
245 269 290 300 80
571 260 725 296 LIBER
751 259 999 296 ECCLESIE
1029 258 1369 295 COLLEGIATE

244 387 316 452 IN
342 416 432 451 DEI
458 416 595 450 nomine
620 415 733 449 Amen
757 436 763 442 ·
787 415 855 449 Per
872 415 938 449 hoc
956 414 1127 461 publicum
1151 413 1416 446 instrumentum
1435 410 1567 445 cunctis
1585 416 1701 457 pateat

245 478 335 524 quod
354 490 443 511 anno
461 476 704 510 incarnationis
724 475 908 509 Dominiee
927 474 1107 508 millesimo
1126 471 1404 519 quingentesimo
1422 471 1700 517 vigesimotercio

244 538 300 572 die
327 550 411 572 vero
437 536 582 583 septima
607 535 734 570 mensis
762 535 847 569 Maii
869 543 877 571 l
900 535 1055 569 Romana
1081 533 1164 567 sede
1190 538 1328 578 pastore
1356 531 1544 567 destituta!
1566 531 1605 565 In
1633 531 1699 565 mei

244 598 367 632 notarii
386 597 513 644 publici
532 603 567 631 et
584 596 723 631 testium
748 595 1018 641 subscriptorum
1046 592 1223 640 presentia
1247 591 1477 638 personaliter
1495 591 1701 626 constitutus

245 658 414 692 discretus
440 657 493 691 vir
520 657 677 691 dominus
705 655 856 689 Thomas
877 654 1057 689 Crawfurd
1082 652 1280 700 capellanus
1307 652 1460 686 existens
1486 652 1520 685 in
1549 657 1640 686 statu
1666 658 1702 686 et

245 718 370 752 saisina
396 718 540 752 duarum
570 728 724 751 acrarum
752 722 844 749 terre
872 714 1072 761 campestris
1099 712 1287 760 jacentium
1319 725 1422 759 super
1453 711 1582 746 Milhill
1609 712 1700 746 inter

244 785 355 813 terras
382 777 570 825 capellanie
600 776 715 811 Sancti
743 774 916 809 Nicholaii
944 787 988 808 ex
1014 773 1145 808 boreali
1170 778 1206 807 et
1232 778 1342 807 terras
1366 772 1555 819 capellanie
1584 772 1700 806 Sancti

247 838 455 885 Kentigerni
484 850 528 872 ex
554 836 693 870 australi
725 834 878 881 partibus
895 843 903 870 l
920 840 955 868 et
981 833 1100 868 decem
1129 832 1315 867 solidorum
1341 831 1447 866 annui
1474 831 1629 866 redditus
1655 831 1698 865 de

244 905 444 934 tenemento
465 896 659 932 Alexandri
680 896 810 941 Stevyn
830 894 865 928 in
885 894 954 928 Via
972 893 1160 928 Furcarum
1188 905 1234 927 ex
1258 897 1356 938 parte
1377 891 1508 925 boreali
1527 891 1593 925 vici
1612 890 1700 925 eius-

245 960 322 994 dem
341 959 507 994 tendente
526 970 545 991 a
565 957 678 992 Cruce
697 955 811 989 Forali
831 954 874 988 ad
894 953 1109 989 Orientalem
1136 952 1274 987 Portam
1292 952 1383 986 inter
1401 957 1511 985 terras
1530 951 1700 997 quondam

246 1019 355 1053 Besse
377 1019 522 1053 Stewart
545 1029 588 1051 ex
614 1015 818 1050 occidentali
846 1020 881 1049 et
906 1020 1016 1049 terras
1045 1013 1184 1047 Patricii
1213 1013 1359 1047 Stewart
1384 1024 1429 1046 ex
1455 1011 1613 1046 orientali
1629 1020 1637 1048 1
1654 1011 1701 1045 Et

245 1080 372 1114 ibidem
391 1079 481 1113 idem
500 1077 657 1111 dominus
677 1075 829 1110 Thomas
855 1074 1047 1121 resignauit
1072 1074 1105 1107 in
1135 1073 1290 1107 manibus
1311 1071 1506 1106 Alexandri
1534 1070 1700 1105 Hommill

245 1140 346 1174 vnius
372 1138 575 1173 balliuorum
594 1137 685 1171 dicte
704 1136 852 1170 ciuitatis
878 1135 1051 1182 predictas
1071 1134 1154 1167 duas
1172 1145 1268 1167 acras
1285 1138 1377 1167 terre
1397 1138 1432 1166 et
1450 1131 1575 1166 dictum
1595 1144 1701 1165 annu-

245 1213 301 1234 um
327 1199 499 1234 redditum
525 1198 560 1232 in
584 1198 738 1231 fauorem
764 1196 920 1243 magistri
946 1195 1067 1231 Jacobi
1096 1195 1281 1228 Houstoun
1309 1206 1371 1240 per
1397 1199 1490 1227 terre
1518 1198 1553 1226 et
1579 1192 1701 1239 lapidis

245 1260 463 1294 traditionem
482 1258 593 1305 quoad
621 1257 705 1291 duas
723 1269 818 1291 acras
835 1265 843 1292 l
860 1263 895 1290 et
912 1269 975 1303 per
998 1255 1043 1290 lie
1062 1255 1147 1302 hesp
1167 1261 1202 1289 et
1220 1253 1333 1301 stapill
1351 1253 1570 1288 traditionem
1589 1252 1702 1299 quoad

245 1320 415 1366 prefatum
429 1331 579 1354 annuum
593 1317 764 1352 redditum
782 1338 787 1342 -
809 1316 945 1357 Quibus
960 1315 1252 1362 resignationibus
1271 1314 1320 1348 sic
1333 1313 1431 1348 factis
1449 1313 1540 1347 idem
1553 1313 1701 1347 balliuus

245 1380 390 1414 accessit
408 1380 450 1414 ad
468 1379 618 1425 prefatas
636 1378 720 1412 duas
739 1390 833 1412 acras
847 1382 941 1411 terre
957 1376 999 1410 de
1019 1375 1147 1410 Milhill
1164 1381 1199 1410 et
1216 1375 1259 1409 ad
1277 1373 1445 1421 prefatum
1464 1379 1699 1408 tenementum

247 1446 282 1474 et
300 1440 426 1473 ibidem
453 1439 611 1473 saisinam
636 1437 880 1472 hereditariam
908 1436 1075 1471 dictarum
1093 1435 1236 1469 duarum
1263 1447 1417 1469 acrarum
1436 1440 1471 1468 et
1489 1434 1571 1468 dicti
1597 1433 1701 1468 annui

246 1499 402 1533 redditus
427 1499 561 1545 prefato
586 1498 751 1544 magistro
774 1497 905 1532 Jacobo
933 1502 968 1530 et
994 1496 1064 1530 suis
1091 1495 1276 1530 heredibus
1303 1501 1339 1529 et
1364 1494 1545 1540 assignatis
1572 1493 1701 1528 delibe-

247 1559 337 1593 rauit
358 1579 363 1584 ·
388 1558 612 1592 Presentibus
638 1557 765 1591 ibidem
786 1556 921 1590 Thoma
944 1556 1027 1590 Law
1046 1555 1198 1590 Niniano
1217 1554 1419 1589 Merschiall
1439 1554 1596 1588 Roberto
1614 1554 1701 1588 Fav-

249 1619 322 1653 side
341 1624 377 1653 et
392 1619 415 1654 J
418 1631 528 1652 oanne
557 1617 748 1652 Allasoune
766 1616 998 1663 burgensibus
1016 1616 1107 1651 dicte
1126 1615 1274 1650 ciuitatis
1290 1624 1299 1651 Ι
1316 1621 1351 1650 et
1367 1615 1391 1651 J
1393 1615 1527 1649 ohanne
1547 1614 1701 1661 Bargille

249 1679 375 1714 cliente
397 1700 403 1706 ·
427 1678 495 1713 ET
521 1677 630 1713 EGO
656 1677 834 1713 Johannes
853 1676 941 1711 Blak
966 1677 1151 1723 presbyter
1173 1675 1404 1722 Glasguensis
1422 1674 1568 1709 diocesis
1592 1674 1701 1722 publi-

249 1753 308 1775 cus
327 1753 424 1775 sacra
440 1739 643 1775 auctoritate
664 1738 867 1785 Apostolica
883 1738 1036 1772 notarius
1089 1736 1181 1777 Quia
1202 1734 1298 1783 [eto]

250 1890 320 1954 IN
350 1918 441 1953 DEI
473 1917 681 1952 NOMINE
710 1916 825 1951 Amen
848 1938 854 1943 ·
878 1917 946 1951 Per
975 1916 1041 1950 hoc
1070 1915 1244 1963 publicum
1275 1915 1540 1949 instrumentum
1571 1914 1702 1948 eunctis

250 1985 365 2025 pateat
383 1978 474 2025 quod
492 1990 582 2012 anno
599 1977 844 2012 incarnationis
871 1976 1055 2011 Dominice
1081 1975 1262 2010 millesimo
1280 1974 1556 2022 quingentesimo
1577 1973 1701 2020 vigesi-

250 2044 427 2084 moquarto
446 2038 501 2072 die
519 2049 603 2072 vero
621 2037 877 2083 decimoquarto
895 2036 1022 2071 mensis
1046 2035 1227 2071 Februarii
1242 2043 1251 2072 l
1267 2035 1323 2069 IN
1341 2035 1408 2069 mei
1426 2034 1549 2068 notarii
1575 2033 1703 2081 publici

252 2106 287 2132 et
304 2098 442 2132 testium
461 2098 731 2144 subscriptorum
756 2096 933 2143 presentia
959 2095 1188 2143 personaliter
1206 2095 1413 2129 constitutus
1431 2093 1609 2130 Johannes
1626 2093 1702 2129 Jar-

251 2170 366 2203 goune
385 2169 596 2191 commorans
614 2157 647 2190 in
667 2156 847 2203 parrochia
864 2156 907 2190 de
929 2155 1077 2190 Govane
1094 2164 1103 2192 Ι
1118 2155 1276 2190 vendidit
1293 2167 1332 2189 ac
1355 2167 1417 2201 pro
1435 2160 1604 2201 perpetuo
1622 2153 1703 2188 alie-

251 2217 347 2251 nauit
360 2229 463 2250 vnum
478 2222 712 2251 tenementum
732 2216 869 2250 minime
885 2215 1078 2250 edificatum
1094 2221 1129 2249 et
1143 2221 1253 2249 ortum
1270 2214 1422 2249 eiusdem
1438 2226 1514 2248 cum
1527 2213 1702 2260 pertinen-

251 2277 307 2311 tiis
330 2277 449 2322 jacens
466 2276 500 2309 in
520 2276 658 2310 ciuitate
681 2276 894 2322 Glasguensi
917 2275 951 2309 in
971 2275 1140 2309 communi
1159 2274 1214 2309 via
1231 2275 1398 2309 tendente
1417 2286 1436 2307 a
1455 2273 1569 2308 Cruce
1588 2272 1702 2307 Forali
