1922 2764
142 886 198 920 49.

134 1813 191 1844 50.

258 289 323 324 198
678 286 1008 322 MUNIMENTA
1035 285 1294 321 FRATRUM

253 395 364 442 Schyr
397 395 579 443 Wylyame
609 396 648 431 of
674 396 894 443 Carruderys
925 409 1074 443 persoun
1105 395 1144 430 of
1170 395 1324 430 Daltone
1372 394 1483 441 Schyr
1505 393 1650 441 George
1683 394 1721 428 of

251 456 369 491 Lorne
385 463 483 491 notar
526 457 619 493 ,Jonn
636 457 675 492 of
690 457 781 492 Hale
823 457 958 492 Thome
974 457 1013 492 of
1029 456 1119 491 Hale
1162 456 1263 490 Dane
1284 455 1488 491 Camrowne
1530 455 1714 502 W'ylyame

253 517 465 564 Henrysone
481 518 546 552 and
569 518 773 553 Alexander
793 518 968 565 Brykmyr
985 526 994 554 l
1010 518 1107 553 witht
1124 517 1232 552 brede
1252 517 1340 552 ande
1360 517 1464 552 chese
1483 524 1518 552 to
1539 516 1598 552 the
1613 517 1714 552 eolla-

251 578 373 614 Cioune
392 579 536 614 flbWssfle
556 586 729 627 Wl'yttyne

253 764 523 798 Instrumentum
543 764 668 798 saisine
688 776 791 811 super
810 764 995 798 indentura
1015 763 1209 811 prescripta
1231 785 1236 790 ·

252 857 537 923 Instrumentum
560 888 672 922 sasine
700 889 889 923 eorundem
917 901 1107 923 annuorum
1136 889 1332 924 reddituum
1353 895 1388 924 et
1414 895 1583 924 terrarum
1613 889 1713 924 dietis

253 948 362 983 Priori
379 955 414 984 et
432 949 507 984 loco
522 949 680 984 Fratrum
699 949 958 984 Predicatorum
974 950 1017 984 de
1036 949 1172 997 Glasgu
1187 950 1267 984 date
1285 959 1293 986 Ι
1310 963 1400 985 anno
1414 950 1456 985 ab
1472 950 1713 986 incarnacione

250 1009 392 1044 Domini
428 1010 607 1045 millesimo
646 1010 989 1057 quadringentesimo
1028 1011 1263 1058 octuagesimo
1303 1011 1423 1058 quinto
1440 1020 1449 1048 l
1465 1011 1592 1046 mensis
1629 1025 1713 1047 vero

250 1073 402 1120 Augusti
417 1073 581 1108 vicesimo
596 1073 651 1108 die
669 1095 674 1099 -
697 1074 921 1108 Presentibus
937 1074 1097 1109 discretis
1112 1080 1147 1108 et
1161 1073 1278 1121 probis
1293 1073 1376 1108 viris
1391 1073 1538 1108 dominis
1551 1074 1712 1110 Johanne

251 1134 377 1169 Heriot
404 1134 531 1169 vicario
550 1135 592 1169 de
614 1134 744 1169 Carluk
787 1134 947 1170 Jobanne
979 1135 1150 1182 Rankyne
1179 1135 1374 1182 presbitero
1419 1135 1570 1170 Patricio
1591 1134 1711 1170 Swane

249 1195 405 1230 Roberto
435 1222 889 1230 .............
929 1196 1062 1232 Jacobo
1078 1195 1164 1230 Blak
1203 1197 1365 1233 Johanne
1381 1196 1495 1231 Dwne
1512 1203 1547 1231 et
1563 1196 1712 1231 Patricio

249 1257 427 1304 Bynnyng
445 1270 520 1291 cum
540 1257 654 1291 multis
682 1257 756 1291 aliis
785 1257 932 1292 testibus
954 1278 960 1283 ·
982 1257 1142 1293 Johanne
1172 1257 1289 1292 Burell
1311 1270 1378 1292 vno
1406 1257 1610 1292 balliuorum
1630 1258 1712 1292 ciui-

248 1318 325 1353 tatis
354 1318 584 1365 Glasguensis
616 1318 772 1353 balliuo·
804 1318 964 1354 Johanne
998 1318 1095 1353 Kerd
1123 1325 1159 1354 et
1189 1319 1347 1366 Georgio
1380 1318 1475 1354 Lorn
1507 1318 1711 1366 presbiteris

251 1379 482 1425 Glasguensis
500 1379 647 1414 diocesis
667 1379 809 1414 notariis
827 1379 973 1426 publicis
996 1400 1001 1405 ·

249 1575 436 1598 FUNDACIO
487 1575 719 1597 CAPELLANIE
776 1575 812 1598 IN
861 1575 1040 1597 ECCLESIA
1089 1574 1265 1597 FRATRUM
1315 1574 1608 1598 PREDICATORUM
1662 1576 1707 1598 DE

247 1636 397 1659 GLASGW
436 1636 507 1658 PER
546 1636 813 1658 VENERABILEM
857 1636 975 1658 VIRUM
1015 1635 1233 1658 MAGISTRUM
1270 1635 1499 1659 WILLELMUM
1536 1637 1708 1659 STEWART

246 1697 460 1720 CANONICUM
483 1697 758 1720 GLASGUENSEM
780 1697 824 1719 ET
847 1696 1047 1719 REGTOREM
1068 1696 1114 1719 DE
1136 1697 1355 1719 GLASFURDE
1380 1706 1385 1711 ·

243 1779 473 1845 VNIUERSIS
494 1815 529 1844 et
547 1809 692 1856 singulis
712 1809 782 1856 Xpi
812 1808 973 1843 fidelibus
1005 1815 1072 1843 tam
1104 1809 1325 1855 presentibus
1358 1822 1456 1856 quam
1489 1809 1613 1843 futuris
1644 1809 1708 1843 hoc

244 1883 388 1918 presens
407 1871 569 1918 scriptum
589 1870 797 1917 inspecturis
835 1869 1034 1904 Willelmus
1053 1870 1199 1904 Stewart
1217 1870 1469 1917 prebendarius
1489 1870 1531 1905 de
1549 1869 1707 1904 Killerne

243 1945 282 1966 ac
300 1932 486 1967 canonicus
505 1932 652 1967 ecclesie
675 1930 907 1977 Glasguensis
926 1937 1112 1978 rectorque
1132 1931 1278 1966 ecclesie
1298 1931 1521 1978 parrochialis
1540 1931 1583 1965 de
1606 1931 1706 1966 Glas-

242 1993 342 2027 surde
370 1993 602 2039 Glasguensis
630 1992 778 2027 diocesis
824 1991 976 2027 Salutem
1008 1991 1042 2026 in
1075 2005 1116 2027 eo
1147 1991 1204 2039 qui
1236 1999 1289 2027 est
1320 1992 1470 2026 omnium
1502 2005 1585 2026 vera
1616 1992 1706 2026 salus

245 2053 394 2088 Nouerit
412 2054 619 2088 vniuersitas
639 2059 754 2088 vestra
773 2065 826 2087 me
846 2053 1026 2087 caritatiue
1054 2065 1093 2088 ac
1124 2053 1180 2100 pie
1212 2053 1413 2088 deuocionis
1433 2053 1558 2088 affectu
1578 2059 1705 2088 motum

244 2114 302 2148 Ad
320 2114 456 2148 laudem
474 2114 618 2161 gloriam
638 2121 673 2149 et
691 2114 858 2148 honorem
880 2114 1006 2149 Sancte
1036 2120 1072 2149 et
1099 2114 1284 2149 Indiuidue
1318 2114 1501 2149 Trinitatis
1532 2114 1644 2149 Patris
1671 2121 1706 2149 et

241 2174 319 2220 Filij
340 2180 376 2208 et
396 2174 542 2220 Spiritus
564 2174 680 2210 Sancti
700 2174 1018 2221 gloriosissimeque
1038 2174 1199 2221 Virginis
1218 2174 1333 2209 Marie
1362 2182 1396 2209 et
1416 2175 1579 2211 Omnium
1602 2175 1704 2210 Sanc-

241 2241 352 2269 torum
398 2235 452 2269 Ac
471 2235 513 2269 ad
532 2235 639 2269 diuini
654 2235 766 2270 cultus
781 2242 1003 2280 augmentum
1049 2236 1095 2270 Et
1110 2249 1172 2282 pro
1191 2236 1303 2271 anime
1319 2249 1394 2271 mee
1409 2236 1516 2283 patris
1532 2249 1570 2271 ac
1586 2236 1703 2270 matris

240 2301 419 2342 parentum
447 2307 600 2330 meorum
628 2308 764 2330 necnon
796 2295 921 2330 nobilis
953 2302 988 2330 et
1018 2296 1171 2342 potentis
1202 2296 1330 2331 domini
1360 2296 1531 2333 Johannis
1564 2297 1704 2332 Steuart

241 2356 373 2391 comitis
392 2356 434 2390 de
454 2355 649 2390 Leuenaux
676 2362 711 2391 et
735 2356 862 2390 domini
890 2356 1048 2391 Dernele
1078 2357 1234 2392 moderni
1264 2357 1540 2404 predicessorum
1571 2370 1609 2392 ac
1628 2369 1702 2391 suc-
