1922 2764
649 207 690 241 B.
721 207 766 241 V.
796 206 963 241 MARIE
992 206 1060 240 ET
1089 207 1123 241 S.
1152 206 1310 241 ANNE.
1643 214 1709 250 107

257 306 413 340 Ecclesie
435 305 551 340 Sancti
571 304 682 339 Rochi
701 316 793 338 nunc
813 303 1011 350 pertinente
1031 303 1169 337 domino
1189 304 1323 338 Thomc
1344 305 1515 351 Flcmyng
1533 307 1710 352 capellano

255 366 409 401 eiusdem
433 366 572 412 jacente
600 365 634 399 in
659 364 799 399 ciuitate
823 364 962 410 jacente
990 363 1024 397 in
1052 364 1189 410 publica
1207 364 1262 398 via
1280 377 1346 411 que
1366 365 1459 400 ducit
1477 379 1496 400 a
1515 366 1610 402 Loco
1630 368 1710 402 Fra-

255 433 345 461 trum
366 426 625 461 Predicatorum
643 426 685 460 ad
706 425 854 460 Crucem
874 424 1033 459 Foralem
1061 424 1152 459 inter
1170 430 1280 459 terras
1305 425 1387 459 dicti
1411 427 1565 472 magistri
1582 427 1710 463 Johan-

254 487 307 521 nis
327 499 371 521 ex
389 486 518 521 boreali
538 492 573 520 et
587 492 697 520 terras
718 485 874 519 Ecclesie
895 485 1004 519 Beate
1024 484 1137 519 Marie
1154 484 1312 531 Virginis
1327 491 1362 520 et
1382 485 1487 520 Anne
1506 488 1622 522 matris
1637 488 1711 522 eius

254 559 299 581 ex
317 546 458 581 australi
475 546 630 593 partibus
647 555 654 582 l
674 546 744 586 Qui
762 545 941 581 Johannes
962 545 1075 579 W'ann
1094 545 1245 592 receptis
1263 545 1458 580 huiusmodi
1476 547 1596 582 decem
1614 548 1710 583 libris

254 607 383 641 dictum
402 619 551 641 annuum
578 607 750 640 redditum
770 606 893 652 viginti
922 606 1108 640 solidorum
1135 606 1169 640 in
1188 606 1341 641 fauorem
1368 606 1451 641 dicti
1477 608 1631 654 magistri
1651 609 1711 644 Jo·

255 667 377 701 hannis
395 666 613 701 renunciauit
634 667 679 700 Et
698 667 837 700 cosdem
857 666 982 712 viginti
1002 666 1129 701 solidos
1154 667 1257 701 annui
1284 667 1440 701 redditus
1468 680 1529 714 per
1556 668 1600 702 lie
1626 669 1712 716 hesp

256 733 291 761 et
309 726 422 773 stapill
449 726 482 760 in
502 726 658 760 manibus
682 726 843 760 Willelmi
866 726 1078 772 Henrysone
1103 727 1204 761 vuius
1230 727 1434 762 balliuorum
1453 728 1544 763 dicte
1563 728 1712 764 ciuitatis

254 786 447 833 resignauit
463 795 471 823 Ι
489 786 561 827 Qui
588 786 733 821 balliuus
762 792 886 820 statum
906 793 941 821 et
968 787 1126 821 saisinam
1152 787 1381 822 hereditarios
1401 788 1568 823 dictorum
1588 789 1711 835 viginti

255 848 441 883 solidorum
464 847 568 882 annui
596 847 752 882 redditus
771 847 862 882 dioto
889 848 1053 894 magistro
1070 848 1223 884 ,Iohanni
1249 849 1436 884 heredibus
1464 850 1533 884 suis
1552 856 1588 885 et
1605 851 1711 897 assig-

253 908 342 943 natis
374 907 581 942 deliberauit
601 916 610 943 Ι
629 907 699 948 Qui
731 907 834 942 etiam
864 908 1029 954 magister
1060 909 1173 943 statim
1204 909 1399 944 huiusmodi
1429 910 1553 957 viginti
1585 911 1712 946 solidos

254 969 357 1004 annui
377 968 532 1003 redditus
551 968 584 1002 in
605 967 760 1002 manibus
777 968 858 1002 dicti
878 969 994 1003 balliui
1010 969 1210 1016 simpliciter
1229 959 1421 1016 resignauit
1440 971 1540 1005 modo
1556 977 1591 1006 ct
1604 971 1712 1006 forma

255 1037 291 1064 vt
317 1030 472 1076 sequitur
488 1038 497 1065 Ι
514 1029 677 1063 videlicet
694 1037 702 1065 Ι
721 1028 855 1063 Decem
883 1029 1010 1064 solidos
1036 1030 1142 1064 annui
1168 1031 1325 1065 redditus
1353 1031 1546 1066 huiusmodi
1573 1033 1711 1067 nomine

253 1091 344 1125 dicte
364 1089 522 1124 Ecclesie
544 1089 738 1135 Collegiate
766 1102 828 1135 pro
847 1089 1084 1125 anniuersario
1108 1091 1317 1126 celebrando
1336 1092 1509 1127 annuatim
1535 1092 1624 1127 infra
1642 1093 1711 1128 dic-

252 1157 320 1185 tam
343 1150 532 1185 Ecclesiam
549 1149 779 1196 Collegiatam
794 1162 856 1196 per
872 1150 1120 1196 prebendarios
1135 1151 1289 1186 eiusdem
1306 1161 1314 1188 l
1330 1152 1495 1187 videlicet
1510 1162 1518 1188 1
1537 1153 1685 1188 Placebo
1702 1163 1710 1189 l

251 1217 286 1246 et
302 1220 311 1247 l
328 1211 454 1257 Dirige
471 1218 480 1246 l
495 1222 572 1245 cum
590 1216 672 1244 nota
690 1216 725 1245 ct
743 1210 846 1244 missa
864 1210 897 1244 in
918 1211 1066 1245 crastino
1083 1220 1092 1247 l
1109 1212 1156 1246 Et
1181 1212 1246 1246 hoc
1264 1213 1413 1247 crastino
1432 1213 1488 1248 die
1510 1213 1710 1248 Natiuitatis

253 1272 362 1307 Beate
390 1271 503 1306 Marie
523 1270 682 1317 Virginis
699 1279 708 1307 l
725 1284 787 1318 pro
814 1271 992 1306 animabus
1020 1272 1102 1307 dicti
1124 1273 1296 1319 quondam
1319 1274 1523 1308 Archibaldi
1544 1274 1710 1309 Watsone

252 1333 303 1367 sui
323 1332 429 1379 patris
448 1338 483 1367 et
502 1332 703 1378 Margarete
726 1332 908 1366 Haustone
929 1345 988 1367 sue
1008 1333 1124 1367 matris
1144 1346 1350 1380 suorumque
1369 1341 1549 1381 parentum
1568 1347 1711 1370 consan—

251 1393 457 1440 guineorum
473 1398 508 1427 et
523 1392 672 1427 omnium
687 1393 839 1427 fidelium
855 1393 1096 1427 defunctorum
1119 1414 1124 1420 ·
1150 1394 1221 1434 Qui
1237 1395 1337 1429 etiam
1353 1395 1519 1441 magister
1532 1395 1711 1431 Johannes

251 1454 403 1500 reliquos
421 1454 541 1488 decem
564 1453 691 1487 solidos
717 1453 911 1487 huiusmodi
937 1454 1041 1488 annui
1067 1454 1224 1489 redditus
1250 1455 1284 1488 in
1311 1456 1466 1490 manibus
1485 1456 1567 1490 dieti
1594 1456 1711 1491 balliui

251 1515 286 1548 in
302 1514 455 1548 fauorem
470 1513 679 1548 venerabilis
695 1513 759 1547 viri
779 1514 933 1560 magistri
947 1514 1069 1549 Jacobi
1088 1514 1294 1550 Houstoune
1310 1516 1497 1550 subdecani
1514 1516 1712 1563 Glasguen—

252 1575 298 1609 sis
316 1587 356 1609 ac
374 1575 465 1609 dicte
493 1586 553 1609 sue
581 1574 740 1608 Ecclesie
761 1573 957 1621 Collegiate
985 1587 1047 1621 per
1075 1588 1153 1610 eum
1179 1576 1316 1611 nouiter
1341 1576 1483 1612 fundate
1511 1577 1711 1624 simpliciter

251 1635 443 1682 resignauit
464 1655 470 1662 ·
495 1635 576 1676 Qua
602 1635 839 1681 resignatione
867 1635 916 1669 sic
941 1635 1031 1670 facta
1057 1635 1146 1670 idem
1176 1636 1322 1671 balliuus
1349 1644 1473 1672 statum
1493 1644 1528 1672 et
1551 1638 1710 1672 saisinam

251 1697 479 1733 hereditarios
510 1697 680 1731 dictorum
711 1697 831 1731 decem
863 1696 1051 1731 solidorum
1081 1698 1186 1731 annui
1220 1698 1377 1732 redditus
1407 1698 1545 1732 domino
1578 1699 1601 1733 J
1604 1699 1710 1733 acobo

254 1758 354 1804 Gray
371 1757 603 1805 prebendario
622 1757 713 1791 dicte
742 1757 901 1791 Ecclesie
922 1757 1118 1804 Collegiate
1145 1770 1208 1804 per
1234 1758 1280 1792 lie
1306 1758 1392 1805 hesp
1417 1765 1452 1793 et
1475 1758 1587 1805 stapill
1606 1759 1709 1792 tradi-

251 1819 380 1854 tionem
399 1817 607 1853 deliberauit
628 1838 633 1844 ·
658 1817 885 1852 Presentibus
912 1817 1038 1852 ibidem
1058 1818 1218 1852 discretis
1237 1818 1319 1852 viris
1337 1818 1475 1852 domino
1496 1818 1709 1852 Archibaldo

254 1879 411 1913 Wilsone
427 1877 642 1912 Archibaldo
663 1878 810 1912 Stewart
824 1883 859 1912 et
875 1877 1050 1912 Willelmo
1069 1878 1303 1924 Fynnesoune
1326 1899 1332 1905 ·
1355 1878 1423 1912 ET
1449 1878 1557 1913 EGO
1581 1878 1708 1913 Nicho-

250 1939 323 1974 laus
343 1939 645 1985 ‘Witherspowvne
664 1938 787 1973 artium
806 1937 970 1984 magister
995 1938 1179 1983 presbyter
1201 1938 1431 1984 Glasguensis
1449 1938 1597 1972 ciuitatis
1624 1939 1707 1985 pub-

251 1999 337 2035 licus
355 2012 452 2034 sacra
469 1998 674 2033 auctoritate
694 1997 899 2044 Apostolica
918 1997 1069 2032 notarius
1123 1997 1215 2038 Quia
1236 1996 1331 2043 [eta]

252 2148 738 2215 REUERENDISSIMO
765 2177 799 2210 in
820 2176 961 2211 Christo
988 2177 1077 2223 patri
1104 2183 1140 2211 et
1157 2177 1296 2210 domino
1317 2176 1468 2211 Domino
1490 2178 1629 2212 Gauino
1647 2178 1706 2212 mi-

252 2240 425 2276 seratione
444 2238 560 2273 diuina
579 2237 854 2284 Archiepiscopo
877 2237 1090 2283 Glasguensi
1107 2245 1115 2273 l
1132 2250 1194 2272 seu
1216 2238 1408 2284 cuicunque
1426 2238 1526 2273 alteri
1544 2239 1587 2273 ad
1604 2239 1706 2273 infra-
