1922 2764
145 2206 202 2238 53.

651 254 866 290 ORDINIS
896 254 1330 290 PREDICATORUM.
1652 261 1722 292 203

262 365 389 400 mensis
407 365 491 412 Julij
516 386 521 391 -
546 365 586 399 In
606 365 672 400 mei
692 365 814 411 notarij
849 364 976 412 publici
1004 370 1040 399 et
1070 364 1209 399 testium
1241 365 1511 412 subscriptorum
1543 368 1724 414 presencia

261 426 492 473 personaliter
511 426 688 472 constitutj
709 426 825 472 deuotj
847 432 882 460 et
900 425 1054 473 religiosi
1070 425 1132 472 virj
1151 425 1274 460 Frater
1290 426 1442 460 Thomas
1459 427 1605 473 Symson
1626 428 1724 463 Prior

261 494 296 522 et
315 493 507 522 conuentus
536 487 600 534 locj
636 487 895 522 Predicatorum
915 487 949 521 in
969 487 1108 522 ciuitate
1131 487 1345 534 Glasguensi
1374 488 1487 535 situatj
1507 497 1593 536 lpro
1623 503 1658 525 se
1689 497 1724 525 et

260 548 517 582 successoribus
536 547 605 582 suis
624 547 877 595 imperpetuum
898 548 1097 595 obligarunt
1115 561 1152 583 se
1179 548 1222 582 ad
1241 549 1486 584 celebrandum
1506 563 1608 584 vnum
1628 551 1722 585 anni-

259 608 450 643 uersarium
468 608 501 642 in
522 608 578 643 die
600 608 725 643 Sancte
757 609 902 643 Katrine
924 608 1083 655 Virginis
1103 614 1138 643 et
1165 608 1335 655 Martyris
1354 622 1429 644 curn
1458 616 1540 644 nota
1565 610 1597 644 in
1619 611 1723 645 choro

259 675 294 704 et
312 669 446 704 missam
468 669 500 703 in
531 669 682 704 crastino
709 669 866 704 similiter
885 683 960 704 cum
980 676 1062 704 nota
1077 679 1086 706 Ι
1103 676 1138 704 ct
1157 671 1248 717 quod
1267 683 1387 705 omnes
1414 671 1555 705 Fratres
1574 684 1724 706 conuen-

258 731 368 765 tuales
387 730 614 765 celebrabunt
634 731 752 765 missas
771 744 833 778 pro
853 731 965 765 anima
983 731 1193 765 venerabilis
1212 731 1277 765 viri
1303 732 1429 766 domini
1460 732 1575 767 Dauid
1605 733 1723 779 Purdy

258 792 471 826 succentoris
488 791 567 826 olim
586 791 819 839 Glasguensis
834 805 872 827 ac
890 798 1070 839 parentum
1090 792 1349 827 benefactorum
1369 806 1507 827 suorum
1524 800 1558 828 et
1573 794 1721 828 omnium

256 852 408 887 fidelium
423 852 662 888 defunctorum
680 862 688 889 Ι
705 866 780 887 cum
798 853 989 899 pulsatione
1005 866 1243 901 campanarum
1261 854 1293 888 in
1311 854 1469 889 Ecclesia
1484 867 1544 889 sua
1558 861 1593 889 et
1607 855 1722 890 Sancti

260 913 479 960 Kentegerni
496 927 559 961 per
578 914 693 948 villam
712 927 787 949 cum
807 914 918 949 cereis
945 914 979 948 in
999 914 1103 949 choro
1131 920 1197 949 tan]
1218 927 1365 962 vespere
1393 928 1491 962 quam
1519 916 1553 950 in
1573 916 1723 951 crastino

257 974 290 1008 in
310 975 413 1010 missa
457 975 524 1009 Pro
543 988 610 1022 quo
629 975 867 1010 anniuersario
885 975 976 1010 idem
997 975 1096 1010 Prior
1116 982 1151 1010 et
1169 983 1362 1011 conuentus
1380 989 1444 1024 pro
1463 990 1500 1011 se
1526 984 1561 1012 et
1588 990 1722 1012 sueces-

257 1036 391 1070 soribus
418 1036 589 1083 recipient
615 1036 789 1071 annuatim
822 1036 942 1071 decem
975 1036 1103 1071 solidos
1134 1044 1272 1072 monete
1295 1038 1414 1072 Scocie
1446 1038 1489 1073 de
1521 1044 1721 1073 tenemento

259 1097 444 1132 Cuthberti
465 1097 637 1132 Craufurd
657 1098 842 1145 burgensis
864 1097 1096 1144 Glasguensis
1114 1108 1123 1134 Ι
1140 1099 1266 1133 saisina
1288 1105 1323 1134 et
1341 1100 1561 1147 possessione
1590 1101 1722 1136 eisdem

258 1158 369 1193 Priori
389 1165 423 1194 et
442 1159 629 1194 conuentui
649 1159 737 1194 datis
756 1166 791 1194 et
810 1159 960 1204 receptis
979 1172 1041 1206 per
1060 1159 1206 1194 balliuos
1226 1160 1374 1195 ciuitatis
1397 1161 1629 1207 Glasguensis
1675 1163 1721 1197 Et

256 1220 297 1254 ad
318 1220 607 1267 complementum
638 1220 720 1255 dicti
748 1220 973 1267 anniuersarij
1002 1221 1092 1256 idem
1124 1221 1221 1255 Prior
1241 1228 1275 1256 et
1293 1228 1486 1257 conuentus
1511 1223 1664 1257 fatentur
1683 1236 1720 1257 se

256 1281 431 1328 recepisse
451 1281 680 1329 quadraginta
711 1294 772 1316 sex
805 1281 932 1316 solidos
960 1288 994 1316 ct
1014 1282 1044 1328 vj
1078 1282 1239 1317 denarios
1266 1283 1309 1317 ad
1336 1290 1573 1318 ornamentum
1607 1284 1721 1330 magni

255 1342 371 1376 altaris
399 1342 431 1376 in
465 1355 526 1377 suo
558 1343 663 1377 choro
694 1355 756 1390 pro
783 1343 900 1377 tabula
917 1348 952 1377 et
978 1342 1113 1390 pictura
1139 1343 1167 1377 si
1196 1343 1394 1379 huiusmodi
1425 1357 1555 1379 summa
1582 1345 1625 1379 ad
1655 1345 1721 1379 hoc

255 1403 415 1438 extendit
454 1403 511 1437 Ad
531 1416 597 1450 que
617 1404 731 1438 omnia
748 1403 915 1450 premissa
929 1403 1078 1438 fideliter
1098 1404 1316 1439 obseruanda
1334 1411 1369 1439 et
1386 1405 1626 1452 perimplenda
1643 1418 1721 1452 pre-

254 1464 313 1511 fatj
336 1464 434 1498 Prior
453 1470 489 1498 et
507 1470 701 1499 conuentus
719 1477 782 1511 pro
801 1477 838 1499 se
858 1470 893 1499 et
911 1464 1168 1499 successoribus
1191 1465 1261 1500 suis
1281 1466 1399 1500 stricte
1419 1479 1456 1501 se
1476 1466 1721 1513 obligauerunt

254 1525 405 1560 discreto
424 1531 460 1560 et
478 1525 728 1572 circumspecto
743 1525 818 1560 viro
837 1525 975 1560 domino
993 1526 1199 1561 Alexandro
1215 1526 1357 1562 Paniter
1376 1528 1503 1562 vicario
1522 1528 1565 1562 de
1587 1527 1721 1563 Castel-

254 1587 354 1621 staris
391 1592 426 1621 et
457 1586 637 1621 executori
663 1586 811 1634 predicti
839 1586 967 1621 domini
995 1587 1111 1621 Dauid
1144 1587 1393 1635 Purdylomnj
1423 1588 1502 1623 dolo
1534 1596 1570 1623 et
1599 1588 1720 1623 fraude

255 1647 397 1682 seclusis
419 1668 425 1673 ·
452 1648 563 1694 Super
582 1647 706 1694 quibus
725 1647 837 1682 dictus
865 1647 1023 1682 dominus
1045 1647 1250 1683 Alexander
1269 1649 1417 1684 vicarius
1436 1649 1479 1684 de
1497 1649 1721 1685 Castelstaris

255 1722 273 1744 a
287 1722 341 1743 me
355 1709 489 1743 notario
504 1709 641 1756 publico
657 1709 720 1744 sibi
736 1709 810 1744 fieri
826 1709 932 1756 peciit
946 1709 1212 1744 instrumentum
1236 1731 1241 1736 -
1266 1710 1358 1745 Acta
1373 1716 1472 1745 erant
1486 1710 1549 1745 hec
1566 1711 1598 1744 in
1616 1711 1720 1746 choro

254 1769 487 1816 predictorum
515 1770 675 1804 Fratrum
703 1770 963 1805 Predicatorum
1018 1769 1245 1805 Presentibus
1272 1771 1432 1805 discretis
1450 1771 1534 1805 viris
1559 1771 1719 1807 Johanne

256 1830 374 1864 Burne
396 1830 529 1877 pictore
574 1830 819 1865 Bartholomeo
847 1831 1076 1878 Levyngston
1106 1838 1141 1865 et
1169 1831 1286 1866 Dauid
1314 1831 1433 1866 Burne
1461 1832 1609 1866 testibus
1632 1853 1638 1858 ·
1660 1833 1718 1868 Jo-

255 1891 368 1925 hanne
388 1891 430 1925 de
451 1890 633 1925 Thornton
657 1891 890 1938 Glasguensis
909 1891 1059 1926 diocesis
1077 1892 1274 1938 presbitero
1293 1893 1427 1927 notario
1446 1893 1584 1939 publico
1607 1914 1612 1919 ·

256 2073 528 2107 Instrumentum
549 2085 653 2120 super
671 2073 790 2108 decem
811 2072 929 2107 solidis
948 2073 991 2107 de
1011 2078 1211 2107 tenemento
1230 2073 1264 2106 in
1285 2072 1517 2108 Dunbertane

256 2166 326 2231 [N
353 2197 423 2231 Dei
442 2197 580 2231 nomine
602 2197 716 2232 Amen
736 2210 799 2244 per
816 2197 882 2232 hoc
899 2197 1166 2232 instrumentum
1186 2203 1302 2244 pateat
1329 2198 1421 2244 quod
1449 2211 1540 2233 anno
1564 2199 1719 2234 incarna-

255 2257 362 2292 cionis
382 2257 566 2292 Dominice
584 2257 766 2292 millesimo
785 2258 1064 2304 quingentesimo
1090 2258 1219 2292 mensis
1237 2271 1321 2293 vero
1348 2258 1434 2306 Maij
1465 2259 1521 2294 die
1546 2260 1665 2306 quinta
1684 2261 1718 2295 in

254 2318 389 2366 meique
407 2318 530 2365 notarij
550 2318 677 2365 publicj
695 2325 730 2353 et
747 2318 887 2354 testium
903 2318 1172 2365 subscriptorum
1193 2319 1375 2365 presencia
1394 2320 1625 2366 personaliter
1640 2333 1718 2355 con-
