1922 2764
592 209 631 243 B.
662 209 708 244 V.
737 209 906 244 MARIE
934 209 1001 244 ET
1031 211 1064 245 S.
1094 211 1252 246 ANNE.
1604 219 1644 248 31

196 305 426 351 prebendario
444 311 565 351 quarto
584 318 645 352 pro
665 306 789 340 deletis
808 312 844 340 et
861 319 880 340 a
897 307 1031 353 prefato
1058 308 1288 354 prebendario
1311 311 1476 355 separatis
1502 311 1649 345 habean-

195 372 250 399 tur
304 365 396 406 Quia
413 366 633 412 augmentaui
652 366 776 401 dictam
795 367 1006 413 prebendam
1026 367 1059 401 in
1079 368 1182 413 triplo
1200 368 1233 401 in
1254 370 1454 403 communiis
1473 377 1538 405 etc.

193 575 498 641 PREBENDA
532 607 734 648 QUINTA
760 608 990 642 intitulabitur
1007 617 1015 644 l
1033 608 1216 643 Prebenda
1245 609 1360 643 Sancti
1386 610 1507 645 Jacobi
1536 610 1648 657 Apos—

194 666 254 700 toli
271 675 279 702 s
296 667 391 701 cuius
425 668 616 713 possessori
647 669 852 715 spectabunt
886 669 1104 715 infrascripta
1130 678 1138 705 l
1165 669 1329 704 videlicet
1354 679 1363 705 Ι
1390 670 1646 705 Tenementum

192 739 305 761 meum
324 733 403 762 ante
423 734 458 762 et
475 735 569 763 retro
592 729 711 774 jacens
730 729 764 762 in
784 729 854 763 Via
874 730 998 764 Sancte
1019 729 1142 763 Teneu
1162 742 1207 764 ex
1224 736 1322 776 parte
1341 730 1472 764 boreali
1494 731 1561 765 eiuf
1582 731 1647 765 lem

192 786 283 820 inter
301 793 536 822 tenementum
564 789 784 835 prebendarii
803 790 914 836 quarti
933 802 978 824 ex
997 790 1154 824 orientali
1209 790 1256 824 Et
1282 797 1517 825 tenementum
1543 805 1648 838 quon-

193 847 268 881 dam
286 847 450 882 Willelmi
467 848 592 883 Yardis
612 862 657 884 ex
675 850 879 884 occidentali
897 859 905 885 Ι
923 850 1010 884 Item
1029 863 1134 884 vnum
1152 851 1320 884 vstrinum
1340 863 1416 885 cum
1437 864 1503 885 vno
1523 852 1647 886 horreo

192 914 228 942 et
246 921 313 943 vna
338 909 414 955 riga
439 915 532 944 terre
560 910 672 944 eidem
691 911 823 945 vstrino
851 911 1015 954 contigue
1044 924 1089 945 ex
1117 917 1215 958 parte
1244 912 1426 958 posteriori
1457 913 1646 947 adherente

188 969 307 1014 jacens
326 969 358 1003 in
387 970 520 1016 prefata
539 970 608 1004 Via
636 971 761 1005 Sancte
782 971 914 1005 Tenew
935 978 969 1006 et
987 972 1020 1005 in
1040 972 1154 1006 fronte
1174 972 1217 1006 de
1237 972 1281 1006 lie
1301 973 1464 1006 Mutland
1484 973 1584 1008 Croft
1603 986 1646 1007 ex

190 1029 331 1064 australi
348 1036 446 1076 parte
466 1031 618 1065 eiusdem
639 1031 693 1065 vie
714 1031 803 1066 inter
821 1037 931 1066 terras
950 1032 1120 1078 quondam
1141 1032 1287 1066 Andree
1308 1032 1408 1079 Boyd
1427 1045 1472 1066 ex
1490 1033 1647 1067 occiden-

190 1089 249 1123 tali
281 1096 316 1124 et
346 1097 456 1124 terras
485 1091 614 1126 Jonete
651 1091 818 1125 Nutishill
849 1104 893 1126 ex
929 1092 1087 1126 orientali
1122 1093 1276 1138 partibus
1303 1102 1310 1128 l
1338 1093 1426 1127 Item
1462 1106 1524 1128 sex
1560 1094 1646 1128 libre

190 1156 328 1185 monete
355 1151 398 1185 de
430 1151 585 1186 terminis
616 1157 651 1186 et
677 1152 800 1186 annuis
831 1152 1024 1187 redditibus
1054 1154 1246 1187 tenementi
1277 1154 1344 1187 mei
1371 1154 1519 1200 jacentis
1548 1161 1647 1188 extra

191 1210 328 1245 Portam
364 1211 565 1246 Australem
601 1225 667 1258 que
702 1212 797 1246 ducit
830 1213 873 1246 ad
915 1213 1059 1247 Pontem
1094 1219 1189 1248 trans
1227 1213 1372 1249 Cludam
1408 1215 1499 1249 inter
1534 1221 1645 1249 terras

189 1283 386 1306 communes
417 1272 565 1306 ciuitatis
595 1272 826 1319 Glasguensis
857 1279 893 1307 et
917 1273 1086 1309 Johannis
1118 1273 1227 1320 Mayn
1260 1286 1304 1308 ex
1331 1274 1491 1309 orientali
1518 1282 1553 1309 et
1578 1281 1645 1309 ter-

189 1344 243 1365 ras
271 1332 442 1378 quondam
468 1333 637 1368 Johannis
667 1333 761 1367 Auld
789 1333 944 1368 scissoris
972 1346 1017 1368 ex
1046 1334 1251 1368 occidentali
1273 1343 1281 1370 l
1302 1335 1390 1369 Item
1418 1347 1522 1369 vnum
1549 1341 1645 1370 tene-

187 1398 338 1427 mentum
358 1393 529 1439 quondam
552 1393 671 1427 Allani
699 1382 891 1428 Morsoune
918 1394 952 1427 in
981 1394 1101 1428 eadem
1128 1394 1183 1428 Via
1210 1407 1255 1428 ex
1283 1395 1403 1429 eadem
1430 1402 1527 1441 parte
1555 1396 1646 1430 inter

187 1459 298 1487 terras
323 1453 493 1489 Johannis
522 1453 622 1500 Gray
649 1466 693 1488 ex
726 1454 885 1489 orientali
916 1460 952 1489 et
982 1460 1092 1489 terras
1123 1456 1295 1501 quondam
1324 1456 1490 1490 Willelmi
1523 1456 1644 1490 Pollok

187 1526 232 1548 ex
251 1514 455 1549 occidentali
472 1523 480 1550 Ι
498 1514 585 1549 Item
610 1527 712 1548 vnum
741 1514 903 1549 horreum
928 1515 1048 1561 jacens
1076 1515 1111 1549 in
1136 1516 1266 1550 boreali
1294 1522 1392 1562 parte
1420 1516 1488 1550 Vie
1520 1517 1644 1552 Sancte

189 1574 314 1608 Teneu
333 1587 378 1609 ex
401 1581 498 1621 parte
517 1575 682 1609 anteriori
711 1574 836 1621 Longe
857 1575 978 1610 Crofte
1009 1575 1100 1609 inter
1127 1581 1238 1610 terras
1271 1575 1505 1611 Bartholomei
1534 1577 1645 1611 Somir

187 1647 232 1668 ex
250 1635 409 1670 orientali
428 1642 464 1670 et
480 1636 649 1672 Johannis
676 1635 815 1670 Hechat
840 1649 885 1670 ex
909 1636 1114 1670 occidentali
1132 1644 1140 1671 l
1157 1636 1245 1670 Item
1271 1636 1412 1671 habebit
1438 1637 1522 1672 duas
1548 1650 1643 1672 acras

186 1701 280 1730 terre
299 1696 500 1743 campestris
523 1697 680 1743 jacentes
706 1696 741 1730 in
768 1696 877 1731 crofta
897 1697 1022 1731 Sancte
1044 1697 1150 1731 Anne
1170 1696 1260 1731 inter
1285 1702 1395 1731 terras
1423 1698 1642 1743 prebendarii

187 1756 297 1802 quarti
317 1768 362 1790 ex
380 1756 585 1791 occidentali
603 1762 639 1791 et
656 1763 766 1791 terras
785 1757 869 1791 dicti
896 1757 1051 1803 magistri
1069 1757 1191 1792 Jacobi
1209 1757 1402 1791 fundatoris
1421 1770 1466 1791 ex
1484 1758 1642 1792 orientali

187 1815 220 1849 in
241 1816 360 1850 eadem
379 1816 488 1851 crofta
505 1835 511 1840 ·
528 1816 746 1851 Presentatio
764 1817 846 1851 dicti
865 1817 1085 1864 prebendarii
1105 1817 1146 1851 ad
1166 1817 1310 1851 balliuos
1330 1823 1365 1851 et
1382 1818 1541 1852 consules
1560 1819 1642 1852 ciui-

186 1875 265 1909 tatis
286 1875 518 1922 Glasguensis
544 1889 606 1923 pro
632 1883 813 1923 tempore!
834 1877 1009 1911 Adlnissio
1036 1889 1120 1911 vero
1147 1877 1189 1911 ad
1218 1877 1434 1923 Prepositum
1460 1883 1495 1911 et
1512 1878 1546 1911 in
1566 1879 1640 1913 eius

187 1935 342 1970 absentia
359 1937 402 1971 ad
425 1936 659 1982 presidentem
679 1937 769 1971 dicte
790 1936 986 1983 Collegiate
1006 1937 1164 1971 Ecclesie
1183 1937 1352 1982 spectabit
1373 1943 1407 1971 et
1426 1938 1614 1983 pertinebit
1631 1948 1639 1974 l

189 2002 254 2030 etc.
