1922 2764
631 219 845 255 ORDINIS
875 216 1309 253 PREDICATORUM.
1629 221 1699 252 213

244 332 382 367 stitutus
408 329 620 365 honorabilis
639 329 691 363 vir
712 328 916 364 Alexander
949 326 1149 373 Hommylle
1180 326 1327 361 balliuus
1358 327 1458 372 burgi
1488 334 1524 362 et
1553 326 1703 361 ciuitatis

246 390 475 438 Glasguensis
492 399 501 427 l
517 403 562 425 ex
576 396 709 424 matura
723 396 758 424 et
776 390 922 436 degesta
936 387 1193 423 deliberacione
1212 387 1391 434 prehabita
1411 401 1472 434 per
1491 388 1702 435 prepositum

243 452 388 487 balliuos
403 457 438 486 et
452 451 728 486 communitatem
744 450 826 484 dicti
845 450 946 496 burgi
967 449 1000 483 in
1022 448 1181 484 Pretorio
1200 448 1354 483 eiusdem
1370 448 1464 483 curia
1478 450 1677 483 confirmata
1694 458 1702 485 l

243 512 473 560 personaliter
500 511 646 546 accessit
676 511 718 545 ad
746 523 846 545 vnam
867 516 995 545 vastam
1027 509 1227 557 perticatam
1259 516 1353 544 terre
1373 521 1447 543 cum
1480 509 1705 556 pertinenciis

243 573 415 621 quondam
436 573 531 607 Petri
552 572 759 619 Colquhoun
775 572 948 619 jacentem
969 572 1002 606 in
1032 571 1123 606 dicta
1140 571 1280 606 ciuitate
1308 571 1342 604 in
1370 571 1541 605 communi
1559 571 1614 605 via
1631 577 1705 606 ten-

244 635 349 669 dente
368 647 386 668 a
413 634 550 681 publica
570 633 674 668 Porta
695 633 850 668 Australi
869 633 947 668 finis
967 633 1047 668 ville
1067 633 1109 667 ad
1129 632 1299 679 Magnum
1320 631 1464 666 Pontem
1487 632 1641 667 eiusdem
1661 645 1706 666 ex

244 695 384 729 australi
416 700 512 741 parte
570 694 790 741 Quequidem
832 700 925 729 terre
967 694 1046 741 quia
1074 706 1141 728 non
1172 693 1312 728 fuerant
1342 693 1598 739 restringibiles
1641 706 1705 740 pro

245 756 420 791 solucione
448 762 620 790 certorum
653 768 844 790 annuorum
876 755 1072 790 reddituum
1092 754 1349 789 venerabilibus
1368 760 1404 789 et
1433 754 1607 800 religiosis
1625 754 1708 788 viris

247 817 357 851 Priori
389 824 424 852 et
442 817 630 852 conuentui
661 816 859 851 monasterii
892 816 1052 851 Fratrum
1086 815 1345 850 Predicatorum
1377 815 1420 850 de
1443 815 1586 861 Glasgw
1606 816 1710 850 certis

247 878 402 913 terminis
421 884 456 912 et
473 878 571 912 annis
591 877 773 912 transactis
819 877 865 912 Et
882 877 966 912 alias
986 877 1158 924 legittime
1177 876 1358 923 recognite
1386 876 1418 910 in
1449 876 1608 911 Pretorio
1627 876 1709 910 dicti

247 938 349 986 burgi
367 939 410 973 ad
429 939 493 973 tria
512 938 637 986 placita
655 938 813 985 capitalia
839 951 952 973 coram
984 938 1084 972 dictis
1110 938 1290 985 preposito
1317 937 1453 972 balliuis
1472 943 1508 972 et
1525 937 1711 972 communi-

249 1006 319 1035 tate
337 1000 475 1034 fuerant
491 1010 499 1036 l
516 1013 579 1046 per
600 999 752 1034 Priorem
773 999 855 1033 dicti
876 999 1073 1034 monasterii
1093 1006 1128 1033 et
1146 1004 1354 1033 conuentum
1374 998 1527 1033 eiusdem
1547 1011 1610 1046 pro
1628 1005 1712 1033 tem-

249 1074 334 1109 pore
355 1068 391 1096 et
409 1074 527 1095 eorum
546 1067 789 1108 procuratores
811 1081 817 1087 ·
840 1061 884 1094 ob
902 1073 970 1095 non
991 1060 1200 1094 solucionem
1230 1060 1399 1094 (lictorum
1426 1072 1617 1094 annuorum
1637 1059 1713 1093 rod»

251 1122 383 1156 dituum
416 1143 421 1148 ·
459 1122 652 1168 Eapropter
685 1121 904 1156 causantibus
935 1121 1112 1168 premissis
1146 1121 1300 1168 prefatus
1321 1121 1526 1156 Alexander
1566 1121 1713 1155 balliuus

250 1183 439 1217 venerabili
478 1190 513 1217 et
544 1182 708 1229 religioso
740 1182 815 1216 viro
847 1181 960 1216 Fratri
990 1181 1140 1217 Johanni
1175 1182 1308 1228 Spense
1340 1194 1506 1228 sacreque
1537 1181 1713 1228 theologie

251 1244 460 1279 bachallario
479 1256 517 1278 ac
539 1243 648 1277 Priori
668 1243 834 1277 moderno
853 1242 936 1277 dicti
962 1241 1163 1276 monasterii
1189 1255 1251 1288 pro
1271 1254 1307 1276 se
1327 1248 1362 1276 et
1395 1241 1532 1276 nomine
1565 1242 1616 1276 sui
1635 1254 1714 1276 con-

205 1333 212 1341 ,
253 1311 378 1340 uentus
397 1311 433 1339 et
452 1317 569 1339 eorum
590 1303 848 1339 successoribus
867 1303 923 1349 qui
942 1316 1005 1350 pro
1024 1309 1179 1349 tempore
1211 1302 1340 1337 fuerint
1358 1303 1401 1338 de
1428 1303 1593 1350 predictis
1613 1303 1715 1338 terris

252 1366 349 1401 dedit
367 1372 493 1400 statum
511 1365 758 1400 hereditarium
781 1385 786 1391 ·
812 1364 904 1399 Acta
922 1370 1022 1398 erant
1053 1364 1117 1398 hec
1136 1376 1239 1410 super
1271 1363 1378 1397 solum
1411 1364 1577 1398 dictarum
1609 1370 1716 1398 terra-

252 1440 326 1462 rum
346 1427 568 1474 presentibus
595 1427 722 1461 ibidem
751 1426 910 1460 discretis
942 1425 1024 1459 viris
1058 1424 1206 1459 Patricio
1241 1425 1419 1459 Robisoun
1467 1426 1575 1472 Hugo
1608 1425 1715 1459 Becbi

251 1488 384 1524 Jacobo
405 1487 587 1534 Kyrkland
606 1493 642 1522 et
658 1487 819 1523 Jobanne
839 1485 995 1532 Eergille
1014 1486 1141 1521 cliente
1169 1498 1243 1520 cum
1264 1486 1411 1520 diuersis
1439 1486 1513 1520 aliis
1542 1486 1689 1520 testibus
1711 1507 1716 1512 -

253 1549 414 1585 Johanne
436 1548 523 1583 Blak
543 1548 670 1583 clerico
693 1547 926 1594 Glasguensis
945 1547 1093 1581 diocesis
1111 1546 1245 1581 notario
1264 1546 1401 1593 publico
1424 1567 1429 1572 ·

260 1731 450 1767 Concessio
470 1731 658 1766 earundem
677 1736 846 1765 terrarum
868 1730 1041 1765 Macolmo
1063 1730 1268 1777 Colquhoun

204 1879 211 1886 .
261 1824 317 1889 ΙΝ
351 1866 493 1889 ΝοΜΙΝΕ
532 1853 682 1888 DOMINJ
720 1854 836 1888 ΑΜΕΝ
897 1854 1071 1889 Nouerint
1100 1855 1254 1889 vniuersi
1289 1856 1461 1902 presentis
1501 1856 1720 1892 instrumenti

262 1915 386 1950 seriem
405 1914 594 1961 inspecturi
613 1914 704 1960 quod
736 1927 826 1948 anno
846 1914 1030 1949 Dominice
1061 1915 1312 1950 incarnacionis
1340 1916 1521 1951 millesimo
1552 1918 1720 1965 quingen-

262 1975 384 2010 tesimo
403 1974 685 2021 decimoseptimo
712 1974 768 2009 die
787 1987 872 2009 vero
890 1975 1019 2010 mensis
1048 1976 1262 2023 Septembris
1280 1977 1400 2023 quinto
1422 1998 1427 2004 -
1451 1978 1490 2012 In
1511 1978 1578 2013 mei
1596 1980 1719 2026 notarij

262 2037 390 2085 publici
409 2043 445 2072 et
462 2037 601 2071 testium
621 2036 891 2083 subscriptorum
909 2037 1092 2084 presencia
1108 2038 1338 2084 personaliter
1357 2039 1564 2074 constitutus
1580 2053 1722 2075 venera-

262 2098 341 2133 bilis
360 2104 396 2132 et
412 2097 597 2144 religiosus
616 2097 668 2131 vir
687 2097 810 2132 Frater
827 2097 1006 2133 Johannes
1023 2098 1155 2145 Spense
1171 2098 1301 2133 ordinis
1316 2099 1401 2133 Diui
1420 2099 1594 2147 Dominicj
1612 2114 1724 2137 sacre-

265 2171 331 2206 que
349 2157 526 2205 theologie
541 2158 768 2193 bachallarius
784 2170 822 2193 ac
838 2158 937 2192 Prior
951 2158 1110 2193 Fratrum
1128 2159 1385 2194 Predicatorum
1401 2161 1444 2195 de
1461 2160 1604 2208 Glasgw
1621 2171 1630 2199 l
1646 2175 1721 2197 cum

265 2232 437 2254 consensu
449 2225 642 2254 conuentus
660 2219 814 2254 eiusdem
832 2227 840 2255 1
856 2219 1028 2258 concessit
1046 2226 1082 2254 et
1099 2220 1142 2255 ad
1159 2220 1250 2267 feodj
1267 2221 1397 2255 firmam
1412 2221 1540 2257 dimisit
1554 2224 1723 2269 quandam

267 2286 395 2315 vastam
416 2280 615 2328 perticatam
636 2287 730 2315 terre
747 2288 756 2316 Ι
773 2279 855 2314 alias
886 2292 948 2327 per
981 2279 1135 2315 Priorem
1155 2286 1191 2333 et
1211 2287 1418 2316 conuentum
1451 2282 1494 2317 de
1517 2283 1660 2330 Glasgw
1690 2284 1724 2318 in
