1922 2764
658 267 699 302 B.
728 267 775 302 V.
802 265 972 302 MARIE
1000 267 1069 303 ET
1097 269 1131 304 s.
1162 269 1319 305 ANNE.
1647 279 1686 315 71

236 365 375 400 Huntar
397 386 402 392 ·
426 365 494 400 ET
521 364 630 401 EGO
653 365 832 401 Johannes
852 365 940 400 Blak
959 365 1082 400 artium
1101 367 1266 413 magister
1287 369 1471 415 presbyter
1493 371 1689 419 Glasguen-

233 426 278 460 sis
297 426 445 461 diocesis
462 426 621 473 publicus
640 438 736 461 sacra
754 426 937 461 autoritate
959 426 1163 473 Apostolica
1181 428 1334 463 notarius
1387 429 1479 470 Quia
1500 431 1595 478 [eta]

231 575 300 640 IN
328 605 420 640 DEI
445 605 583 640 nomine
605 606 718 641 Amen
742 627 748 633 -
772 606 840 641 Per
857 606 922 641 hoc
939 606 1113 654 publicum
1138 607 1404 642 instrumentum
1423 610 1555 644 cunctis
1575 617 1691 657 pateat

230 666 321 713 quod
340 678 430 701 anno
448 666 694 701 incarnationis
722 667 906 702 Dominice
934 667 1114 702 millesimo
1133 667 1413 714 quingentesimo
1432 670 1689 707 decimooctauo

230 727 286 761 die
305 739 390 761 vero
408 727 536 761 mensis
558 727 771 774 Septembris
790 728 1083 775 vigesimooctauo
1099 737 1108 765 Ι
1125 729 1165 763 In
1186 730 1251 764 mei
1271 730 1395 765 notarii
1422 731 1550 777 publici
1569 738 1604 767 et
1621 739 1689 768 tes-

229 787 313 822 tium
332 787 603 834 subscriptorum
621 789 798 835 presentia
815 789 1045 835 personaliter
1059 789 1266 824 constitutus
1285 791 1451 837 prouidus
1467 791 1518 826 vir
1538 792 1689 828 Thomas

228 848 312 883 Law
330 861 418 883 vnus
436 848 640 883 balliuorum
659 849 808 884 ciuitatis
831 850 1061 896 Glasguensis
1078 859 1087 886 l
1104 851 1249 886 accessit
1267 851 1309 886 ad
1329 864 1433 886 vnum
1452 860 1687 889 tenementum

228 921 304 943 cum
323 914 400 943 orto
414 908 534 955 jacens
552 909 587 943 in
606 909 747 944 ciuitate
770 910 982 957 Glasguensi
1001 910 1036 945 in
1055 912 1225 946 communi
1245 912 1321 947 vico
1340 913 1563 948 occidentalis
1581 915 1688 962 partis

227 969 382 1004 eiusdem
408 969 576 1004 tendente
603 982 623 1004 a
650 970 764 1005 Cruee
797 970 912 1005 Forali
939 972 982 1005 ad
1010 971 1236 1007 Communem
1270 973 1408 1008 Portam
1432 983 1441 1010 l
1463 975 1508 1009 lie
1541 975 1688 1011 Nedder

228 1029 354 1064 Barras
374 1029 459 1064 Yett
474 1038 483 1066 l
499 1029 652 1064 eiusdem
672 1030 821 1065 ciuitatis
845 1031 938 1066 inter
956 1038 1066 1066 terras
1094 1033 1167 1067 siue
1194 1039 1395 1069 tenementa
1422 1034 1565 1070 Niniani
1592 1036 1688 1072 Mer·

227 1090 346 1124 schiall
365 1103 410 1125 ex
433 1090 564 1125 boreali
583 1096 618 1125 et
636 1097 746 1125 terras
774 1091 847 1126 siue
867 1098 1066 1127 tenementa
1091 1092 1231 1128 heredis
1250 1094 1421 1140 quondam
1448 1094 1593 1130 Martini
1615 1096 1688 1131 Oli-

225 1150 334 1198 phant
360 1163 404 1186 ex
431 1151 571 1186 australi
598 1151 752 1198 partibus
769 1160 777 1188 1
796 1152 901 1192 Quod
925 1158 1162 1188 tenementum
1181 1154 1351 1200 quondam
1370 1155 1436 1190 fuit
1462 1155 1574 1191 Marci
1604 1157 1687 1192 Hall

226 1211 283 1258 qui
303 1211 387 1246 obiit
404 1211 551 1247 vestitus
570 1218 606 1247 et
627 1212 763 1247 saisitus
782 1219 819 1247 vt
837 1213 880 1247 de
898 1213 1001 1248 feodo
1020 1214 1054 1247 in
1074 1214 1196 1249 eodem
1218 1235 1224 1241 ·
1248 1215 1295 1250 Et
1313 1215 1440 1250 ibidem
1460 1216 1571 1252 dictus
1590 1218 1686 1252 balli-

225 1285 288 1306 uus
304 1278 429 1307 statum
444 1278 479 1307 et
493 1272 651 1306 saisinam
666 1272 894 1308 hereditarios
909 1273 952 1308 de
966 1274 1161 1309 huiusmodi
1176 1281 1376 1310 tenemento
1391 1277 1525 1311 cuidam
1538 1277 1685 1314 Andree

228 1332 310 1367 Hall
326 1341 336 1369 Ι
351 1333 421 1367 filio
439 1332 610 1380 legittimo
629 1339 665 1368 et
681 1333 919 1380 propinquiori
941 1334 1062 1369 heredi
1081 1335 1162 1370 dicti
1182 1337 1352 1382 quondam
1381 1337 1493 1372 Marci
1523 1338 1606 1373 Hall
1633 1339 1684 1374 sui

224 1394 331 1440 patris
347 1402 356 1430 Ι
373 1393 512 1441 suisque
538 1394 725 1429 heredibus
752 1401 788 1429 et
814 1394 996 1441 assignatis
1023 1408 1085 1442 per
1104 1402 1197 1430 terre
1217 1402 1252 1431 et
1270 1396 1392 1444 lapidis
1411 1398 1629 1434 traditionem
1649 1406 1686 1434 vt

224 1455 328 1489 moris
357 1461 410 1489 est
436 1454 470 1489 in
498 1455 610 1502 burgo
633 1455 822 1489 secundum
848 1455 990 1490 formam
1017 1457 1122 1491 varde
1150 1457 1244 1491 curie
1272 1458 1436 1493 secularis
1461 1459 1494 1493 in
1526 1459 1684 1494 Pretorio

224 1515 372 1550 ciuitatis
386 1515 618 1563 Glasguensis
630 1516 780 1563 desuper
794 1522 892 1551 tento
904 1517 1111 1552 deliberauit
1127 1526 1136 1553 l
1154 1518 1382 1553 Reseruando
1395 1525 1508 1554 tamen
1524 1520 1684 1555 liberum—

223 1581 460 1610 tenementum
479 1582 514 1611 et
531 1588 628 1610 vsum
648 1576 819 1611 fructuum
839 1577 921 1611 dicti
940 1578 1130 1612 tenementi
1160 1578 1299 1613 Helene
1330 1579 1413 1613 Hall
1432 1593 1557 1626 sponse
1577 1594 1682 1628 quon-

223 1637 299 1671 dam
319 1636 454 1672 Thome
475 1637 558 1671 Hall
578 1643 613 1672 et
631 1637 729 1672 matri
748 1637 830 1672 dicti
851 1637 996 1672 Andree
1023 1651 1085 1685 pro
1110 1644 1183 1673 toto
1207 1644 1362 1686 tempore
1383 1640 1452 1674 vite
1478 1653 1538 1675 sue
1562 1654 1682 1676 secun-

222 1698 302 1732 dum
329 1698 470 1732 formam
497 1710 558 1732 sue
585 1698 769 1733 coniuncte
797 1698 1040 1733 iufeodationis
1067 1712 1168 1745 quam
1199 1699 1272 1746 ipsa
1302 1700 1442 1735 Helena
1471 1701 1617 1735 asseruit
1645 1715 1680 1736 se

221 1759 350 1793 habere
372 1779 378 1785 ·
403 1758 628 1793 Presentibus
651 1758 778 1793 ibidem
798 1759 956 1794 discretis
976 1759 1058 1793 viris
1076 1767 1085 1795 l
1102 1759 1265 1794 videlicet
1281 1768 1290 1795 Ι
1308 1759 1460 1794 Niniano
1480 1760 1679 1795 Merschiall

222 1819 358 1854 Thoma
377 1819 588 1854 Androsone
607 1825 642 1854 et
659 1820 791 1855 Jacobo
810 1820 982 1866 Flemyng
1007 1820 1238 1866 burgensibus
1258 1820 1340 1854 dicti
1358 1821 1459 1867 burgi
1478 1827 1513 1855 et
1532 1821 1680 1856 ciuitatis

225 1880 456 1927 Glasguensis
478 1901 484 1907 ·
506 1880 575 1915 ET
602 1880 712 1915 EGO
737 1880 917 1916 ,Iohannes
945 1880 1045 1914 Kene
1072 1880 1257 1926 presbyter
1279 1880 1509 1926 Glasguensis
1531 1881 1677 1916 diocesis

221 1941 378 1987 publicus
397 1953 493 1976 sacra
511 1940 714 1976 auctoritate
735 1940 938 1987 Apostolica
955 1939 1109 1975 notarius
1162 1939 1254 1980 Quia
1276 1938 1370 1986 [etan]

221 2089 292 2155 IN
319 2119 410 2154 DEI
436 2118 645 2154 NOMINE
675 2118 789 2153 Amen
818 2139 823 2144 -
855 2118 921 2152 Per
956 2118 1020 2152 hoc
1050 2118 1222 2165 publicum
1251 2118 1514 2153 instrumentum
1545 2121 1676 2155 cunctis

220 2186 337 2226 pateat
354 2181 445 2227 quod
463 2193 553 2215 anno
571 2179 816 2214 incarnationis
835 2178 1019 2214 Dominice
1038 2179 1217 2213 millesimo
1236 2179 1513 2226 quingentesimo
1528 2181 1675 2216 decimo-

220 2253 312 2275 nono
337 2241 392 2276 die
417 2253 501 2276 vero
524 2246 645 2287 quarto
664 2239 791 2274 mensis
811 2239 974 2274 Octobris
997 2248 1006 2275 l
1033 2239 1072 2273 In
1098 2239 1164 2273 mei
1189 2239 1312 2274 notarii
1336 2240 1464 2286 publici
1483 2247 1518 2275 et
1536 2241 1674 2276 testium

221 2301 489 2348 subscriptorum
508 2300 684 2348 presentia
704 2299 932 2346 personaliter
951 2299 1156 2334 constitutus
1182 2300 1347 2346 prouidus
1365 2300 1417 2334 vir
1436 2300 1552 2335 Dauid
1573 2301 1674 2336 Men-
