1922 2764
146 1662 203 1699 57.

646 200 861 236 ORDINIS
891 200 1325 236 PREDICATORUM.
1643 207 1713 243 207

256 318 457 359 procurator
476 311 558 346 dieti
577 311 642 346 loci
662 317 699 345 ut
718 323 821 357 supra
839 323 900 357 pro
921 311 1069 346 vtilitate
1089 317 1124 346 et
1141 311 1300 357 profiguo
1319 311 1399 357 dic—ij
1427 312 1491 346 loci
1512 313 1715 347 reuerencia

255 386 321 419 qua
335 373 452 408 decuit
465 372 593 407 dictum
608 371 797 407 Officialem
815 378 851 406 ut
864 372 992 407 habere
1008 372 1160 419 potuerit
1174 371 1266 406 dicta
1280 371 1508 407 instrumenta
1523 373 1584 407 sub
1600 373 1714 419 sigillo

255 433 354 479 officij
375 434 426 468 sui
445 446 507 480 pro
525 433 644 467 maiori
663 432 848 467 securitate
868 432 950 467 dicti
968 433 1034 468 loci
1053 439 1088 467 et
1106 440 1299 467 conuentus
1317 432 1350 466 in
1370 433 1478 468 forma
1492 434 1714 480 transsumpti

252 494 428 529 humiliter
446 493 629 540 suplicauit
664 493 790 528 Dictus
809 501 922 529 tamen
944 494 1109 529 Officialis
1123 493 1240 528 habito
1258 493 1353 539 prius
1368 494 1556 540 peritorum
1572 494 1714 528 consilio

253 555 494 589 considerabat
522 554 731 602 peticionem
754 554 835 590 dicti
864 555 995 590 Fratris
1017 555 1181 589 Willelmi
1210 554 1283 589 fore
1303 567 1488 588 consonam
1507 555 1636 589 racioni
1657 553 1713 601 [et]

252 615 354 650 michi
373 615 506 650 notario
524 615 663 663 publico
682 616 876 663 subscripto
896 616 1052 663 predicta
1066 616 1295 650 instrumenta
1312 615 1347 649 in
1366 615 1475 649 forma
1490 616 1713 662 transsumpti

252 676 394 711 tradidit
410 676 612 723 performarj
633 682 668 711 et
686 677 842 724 componj
886 677 1042 718 Quorum
1062 677 1369 711 instrumentorum
1385 683 1485 711 tenor
1500 676 1655 723 sequitur
1671 677 1713 711 de

253 738 360 772 verbo
378 737 413 771 in
432 737 576 772 verbum
595 743 630 772 et
649 744 702 772 est
721 738 797 772 talis
823 759 828 764 ·
855 759 860 764 -
883 738 921 772 ΙΝ
944 738 1019 772 Dm
1041 750 1183 772 NOMINE
1205 749 1306 772 ΑΜΕΝ
1334 750 1397 784 per
1414 737 1479 771 hoc
1509 737 1716 771 instrumen-

252 805 323 833 tum
341 804 458 845 pateat
472 798 564 845 quod
582 811 672 832 anno
687 798 937 833 incarnacionis
953 799 1095 846 Dominj
1112 799 1292 833 millesimo
1308 798 1588 845 quingentesimo
1606 798 1716 845 primo

252 860 307 894 die
343 872 426 894 vero
461 865 561 894 sexto
591 859 718 894 mensis
747 859 830 906 Maij
871 859 949 907 [etc.
988 865 1025 894 ut
1058 871 1179 905 supra,
1218 871 1274 894 no.
1312 862 1370 893 54.
1402 871 1491 905 pag.
1528 857 1627 904 205]
1648 867 1656 895 l
1673 859 1715 893 IN

254 921 331 956 DEJ
351 933 496 956 NOMINE
519 921 635 956 AMEN
655 934 718 968 per
738 921 802 956 hoc
826 921 1094 956 instrumentum
1122 927 1239 968 pateat
1257 920 1349 968 quod
1381 933 1470 955 anno
1489 921 1531 955 ab
1563 920 1717 955 incarna-

253 982 352 1017 cione
372 981 515 1016 Domini
547 985 592 1016 m⁰
619 981 899 1028 quingentesimo
918 985 953 1016 2⁰
980 982 1036 1016 die
1057 994 1139 1016 vero
1170 981 1245 1016 xix⁰
1275 982 1402 1016 mensis
1426 981 1558 1028 Aprilis
1580 981 1659 1028 [etc.
1680 987 1719 1016 ut

252 1055 372 1089 supra,
394 1054 450 1077 no.
471 1045 528 1077 55.
545 1055 660 1089 pagg.
680 1045 762 1083 205,
784 1042 884 1089 206]
905 1063 910 1069 ·
935 1063 940 1069 ·
963 1044 1087 1077 SUPER
1107 1042 1230 1089 quibus
1250 1042 1362 1077 dictus
1376 1043 1500 1077 Frater
1523 1042 1717 1077 Willelmus

254 1110 291 1138 ut
311 1116 413 1151 supra
431 1116 450 1138 a
473 1115 527 1138 me
555 1103 688 1138 notario
716 1103 853 1150 publico
873 1103 937 1137 sibi
964 1103 1039 1138 fieri
1065 1103 1171 1151 peciit
1197 1104 1464 1138 instrumentum
1511 1103 1601 1138 Acta
1619 1111 1718 1138 erant

253 1165 318 1199 hec
336 1164 370 1198 in
391 1163 550 1199 Ecclesia
576 1163 732 1211 predicta
759 1177 872 1198 coram
891 1164 956 1198 hiis
975 1164 1121 1199 testibus
1149 1165 1313 1211 magistro
1335 1164 1510 1199 willelmo
1539 1164 1717 1211 Lindesay

253 1231 390 1260 rectore
405 1225 447 1260 de
466 1224 611 1259 Awdem
644 1224 805 1271 Angusio
823 1225 997 1259 MacEvin
1032 1225 1192 1261 Johanne
1207 1225 1390 1260 Cochrane
1421 1225 1553 1261 Jacobo
1569 1225 1716 1261 MaeJae

255 1293 290 1322 et
307 1286 467 1323 Johanne
488 1285 561 1321 Dik
578 1298 654 1320 cum
673 1286 789 1320 multis
811 1285 886 1320 aliis
909 1307 915 1312 ·
938 1285 1076 1320 domino
1102 1285 1263 1322 ,Iohanne
1292 1286 1503 1320 Finlosoune
1522 1286 1717 1333 presbitero

258 1348 374 1384 Sancti
395 1348 539 1382 Andree
559 1347 707 1382 diocesis
727 1347 860 1382 notario
879 1347 1016 1394 publico
1038 1367 1044 1374 ·

258 1534 528 1568 Instrumentum
548 1545 651 1579 super
670 1532 716 1578 xij
737 1531 888 1566 denariis
908 1531 951 1565 de
972 1531 1048 1565 Bwt
1066 1530 1300 1577 percipiendis

257 1630 314 1696 ΙΝ
334 1660 413 1696 Dm
433 1672 579 1695 NOMINE
601 1659 717 1694 AMEN
737 1672 799 1706 per
817 1659 883 1693 hoc
908 1659 1174 1693 instrumentum
1194 1663 1311 1704 pateat
1329 1656 1420 1703 quod
1442 1669 1532 1691 anno
1551 1656 1593 1690 ab
1612 1655 1720 1689 incar-

259 1722 402 1756 nacione
421 1721 562 1766 Dominj
593 1720 774 1754 millesimo
802 1719 1082 1766 quingentesimo
1113 1719 1222 1754 tercio
1250 1718 1378 1752 mensis
1397 1730 1480 1752 vero
1513 1716 1722 1751 Nouembris

258 1781 314 1815 die
334 1781 486 1815 secundo
530 1780 571 1814 In
590 1780 657 1814 mei
684 1779 806 1826 notarij
841 1780 966 1826 publicj
1001 1786 1036 1814 et
1067 1779 1337 1825 subscriptorum
1370 1778 1509 1812 testium
1541 1776 1722 1824 presencia

259 1841 488 1887 personaliter
506 1841 713 1875 constitutus
731 1840 943 1874 honorabilis
961 1840 1014 1874 vir
1035 1839 1268 1874 Archibaldus
1296 1838 1557 1885 Makgilcallum
1575 1837 1722 1872 accessit

260 1901 302 1935 ad
320 1901 461 1935 domum
480 1901 552 1935 siue
572 1906 807 1935 tenementum
836 1913 933 1934 suum
957 1901 1076 1947 jacens
1104 1900 1138 1934 in
1164 1900 1277 1945 burgo
1304 1899 1347 1933 de
1379 1899 1495 1945 Rosay
1522 1898 1612 1933 inter
1631 1910 1720 1932 com-

260 1974 397 1996 munem
417 1960 587 1995 venellam
607 1973 653 1995 ex
667 1967 813 2007 Vtraque
832 1967 929 2007 parte
949 1960 1104 1995 eiusdem
1144 1960 1191 1995 Et
1208 1960 1335 1995 ibidem
1356 1959 1431 1994 zelo
1450 1959 1650 1994 deuocionis
1669 1971 1720 1993 ac-

261 2035 385 2057 census
403 2022 438 2056 in
455 2021 621 2056 honorem
642 2021 782 2068 Dominj
803 2021 913 2056 nostri
930 2021 1041 2057 Jhesu
1061 2021 1132 2068 Xpi
1151 2021 1294 2068 eiusque
1319 2020 1585 2067 gloriossissime
1604 2019 1722 2054 matris

261 2083 370 2118 Beate
386 2082 499 2117 Marie
515 2082 672 2129 Virginis
687 2082 920 2129 Omniumque
935 2082 1138 2117 Sanctorum
1153 2094 1288 2116 necnon
1303 2094 1366 2128 pro
1382 2081 1491 2116 salute
1507 2093 1567 2115 sue
1582 2080 1694 2116 anime
1712 2090 1721 2117 l

260 2144 294 2177 in
322 2143 478 2177 manibus
508 2143 642 2190 prouidj
664 2143 728 2177 viri
760 2143 882 2190 Finlaij
917 2142 1069 2177 Macfaill
1089 2143 1190 2177 vnius
1221 2142 1426 2177 balliuorum
1444 2142 1525 2189 dictj
1557 2142 1659 2188 burgi
1686 2142 1720 2176 in

260 2204 417 2238 fauorem
436 2204 662 2238 discretorum
682 2203 924 2250 religiosorum
944 2204 1095 2238 virorum
1128 2203 1258 2238 Prioris
1286 2209 1322 2238 et
1339 2209 1531 2238 conuentus
1561 2203 1720 2237 Fratrum

263 2264 523 2300 Predicatorum
549 2263 820 2311 Glasguensium
848 2270 883 2299 et
910 2277 1029 2300 eorum
1060 2277 1297 2300 successorum
1317 2264 1532 2301 [duodecem
1561 2264 1721 2298 denarios
