1922 2764
262 271 326 310 176
680 267 1010 304 MUNIMENTA
1037 268 1296 304 FRATRUM

258 380 327 415 Vie
348 380 461 426 Regie
481 379 704 415 extendentis
723 380 765 414 ab
784 379 943 414 Ecclesia
962 379 1185 414 Cathederali
1207 377 1420 424 Glasguensi
1440 390 1547 424 vsque
1566 377 1608 412 ad
1629 377 1715 413 Cru-

255 454 329 476 cem
350 441 430 476 Fori
449 440 604 475 eiusdem
632 440 723 475 inter
741 440 774 475 le
794 440 1068 487 Mwnkyshouse
1086 439 1261 485 wlgariter
1284 444 1519 485 nuncupatum
1544 450 1587 473 ex
1618 444 1716 485 parte

256 502 377 537 boriali
397 509 432 537 et
450 508 562 537 ortum
583 502 679 536 Pauli
696 502 719 538 J
722 502 866 536 ohannis
881 514 924 536 ex
942 506 1040 548 parte
1055 499 1196 534 australi
1211 505 1289 534 octo
1305 499 1433 534 solidos
1457 520 1463 525 ·
1488 498 1559 540 Qui
1578 499 1715 546 quidem

256 563 403 599 balliuus
422 563 617 598 antedictus
632 564 777 598 sasinam
793 568 829 597 et
842 562 1055 608 corporalem
1070 562 1325 608 possessionem
1341 561 1510 596 dictorum
1525 573 1716 595 annuorum

256 626 453 660 reddituum
471 637 557 672 pure
577 630 613 659 et
631 624 831 671 simpliciter
850 623 946 658 dedit
964 629 1000 657 et
1017 622 1208 669 assignauit
1226 634 1288 669 per
1307 622 1487 656 denarium
1506 622 1541 656 in
1560 634 1662 656 manu
1681 628 1718 656 vt

256 686 360 721 moris
379 692 433 721 est
450 687 637 732 burgorum
657 685 821 731 religioso
840 684 914 718 viro
931 683 1083 720 Johanni
1104 683 1147 718 de
1170 683 1318 718 Govane
1348 682 1460 717 Priori
1486 683 1607 717 domus
1634 683 1717 718 Fra-

256 755 345 782 trum
366 747 625 782 Predicatorum
646 747 689 781 de
708 746 844 792 Glasgu
863 745 1001 779 nomine
1028 749 1224 779 conuentus
1252 743 1407 778 eiusdem
1426 749 1462 779 et
1480 756 1716 778 successorum

256 822 394 845 suorum
412 822 475 856 pro
494 808 750 843 sustentacione
766 807 944 842 commodo
964 813 1000 841 et
1013 806 1161 841 vtilitate
1176 806 1277 840 vnius
1296 806 1486 853 capellanie
1505 806 1539 840 in
1554 819 1718 852 augmen-

255 878 327 906 tum
345 871 458 906 cultus
476 870 583 904 diuini
602 869 692 916 apud
711 869 818 903 altare
846 868 955 903 Beate
983 867 1097 902 Marie
1118 867 1277 914 Virginis
1308 867 1342 901 in
1363 867 1522 902 Ecclesia
1549 868 1717 902 dictorum

257 933 414 967 Fratrum
436 931 694 966 Predicatorum
713 930 756 965 de
779 930 914 976 Glasgu
933 929 1111 976 perpetuis
1129 928 1254 963 futuris
1278 928 1492 976 temporibus
1518 941 1581 976 pro
1608 929 1720 963 anima

256 995 363 1042 ipsius
390 993 544 1040 magistri
572 992 689 1027 Dauid
713 1013 718 1018 ·
742 998 777 1027 et
803 1004 865 1038 pro
897 991 1074 1026 animabus
1102 990 1246 1025 aliorum
1277 990 1310 1024 in
1342 990 1497 1025 eiusdem
1528 990 1718 1037 capellanie

254 1055 461 1090 fundacione
493 1060 733 1100 contentorum
761 1074 767 1079 ·
795 1053 968 1087 seruiture
1000 1059 1036 1087 et
1065 1052 1183 1086 diuina
1214 1052 1432 1086 celebrature
1464 1073 1470 1078 ·
1502 1051 1541 1086 In
1574 1064 1719 1098 quorum

256 1116 405 1151 omnium
425 1122 461 1150 et
479 1115 694 1161 singulorum
712 1114 947 1149 testimonium
967 1114 1117 1160 sigillum
1137 1126 1317 1148 commune
1337 1113 1439 1160 burgi
1458 1119 1494 1148 et
1507 1112 1657 1148 ciuitatis
1675 1113 1719 1148 de

259 1178 395 1224 Glasgu
410 1177 453 1212 ad
471 1177 672 1212 instanciam
691 1176 839 1224 predicti
854 1175 1009 1222 magistri
1030 1175 1148 1210 Dauid
1168 1174 1391 1222 presentibus
1405 1180 1459 1210 est
1476 1187 1666 1222 appensum
1685 1174 1718 1209 in

256 1239 357 1286 plana
387 1238 482 1273 curia
511 1259 516 1264 -
544 1238 578 1272 in
611 1237 770 1272 Pretorio
805 1237 1020 1282 Glasguensi
1048 1257 1054 1263 ·
1082 1237 1217 1271 decimo
1248 1237 1305 1271 die
1336 1236 1465 1271 mensis
1491 1236 1577 1283 Maij
1601 1257 1607 1262 ·
1630 1248 1720 1271 anno

257 1300 399 1334 Domini
419 1299 599 1334 millesimo
626 1298 971 1345 quadringentesimo
1003 1297 1289 1345 quinquagesimo
1320 1304 1442 1344 quarto
1464 1318 1470 1324 ·
1494 1297 1720 1332 Presentibus

256 1361 416 1397 Johanne
453 1361 592 1395 Steuart
620 1359 798 1407 preposito
832 1359 1047 1405 Glasguensi
1075 1380 1081 1385 -
1105 1359 1294 1406 Wyllelmo
1326 1359 1417 1393 Dwn
1451 1379 1456 1384 ·
1484 1358 1645 1394 Johanne
1677 1359 1720 1393 de

260 1421 397 1468 Hawyk
415 1421 552 1456 balliuis
574 1442 580 1447 ·
606 1421 765 1467 Georgio
797 1420 839 1454 de
867 1419 1061 1454 Murhouse
1099 1420 1200 1455 Petro
1230 1420 1274 1455 de
1307 1420 1430 1455 Pollok
1459 1419 1646 1467 Wyllelmo
1677 1420 1720 1455 de

260 1482 456 1528 Ottyrburn
476 1482 636 1518 Johanne
656 1481 699 1516 de
721 1481 839 1516 Schaw
858 1481 1019 1516 Johanne
1039 1481 1082 1516 de
1103 1481 1186 1516 Hall
1206 1487 1242 1516 et
1261 1481 1419 1516 Henrico
1438 1481 1622 1516 Michaelis
1640 1481 1721 1516 scri-

258 1545 302 1578 ba
320 1544 414 1578 curie
437 1543 670 1589 Glasguensis
691 1549 727 1578 et
744 1543 879 1578 notario
898 1555 973 1577 cum
993 1543 1109 1577 multis
1128 1543 1203 1589 alijs
1226 1564 1231 1569 -

259 1726 460 1761 Indenturis
486 1726 626 1772 betwyx
653 1737 717 1760 ane
744 1725 937 1760 honorabill
968 1738 1044 1760 man
1071 1725 1187 1761 ι1011116
1217 1726 1356 1760 Steuart
1386 1725 1444 1760 the
1474 1726 1549 1760 first
1578 1732 1721 1773 provest

259 1787 332 1822 that
358 1799 427 1822 wes
453 1786 489 1820 in
516 1786 574 1820 the
594 1785 661 1820 cite
689 1785 728 1820 of
751 1785 887 1833 Glasgu
915 1799 959 1820 011
982 1786 1040 1820 the
1067 1792 1102 1821 ta
1129 1787 1315 1833 partland
1341 1786 1528 1833 religiouse
1555 1799 1634 1822 men
1660 1787 1719 1821 the

260 1849 384 1884 Priour
415 1849 482 1883 and
511 1855 638 1883 covent
669 1848 708 1883 of
733 1848 792 1883 the
823 1847 943 1883 Freris
976 1848 1183 1883 Prechouris
1213 1848 1253 1882 of
1277 1848 1336 1883 the
1363 1860 1483 1895 samyn
1502 1848 1569 1883 cite
1598 1861 1642 1883 on
1661 1848 1720 1884 the

260 1910 365 1945 tothir
385 1916 462 1957 part
478 1918 486 1946 l

203 2064 210 2071 .
262 2005 365 2070 This
384 2037 547 2072 indentur
566 2037 644 2072 mad
661 2043 695 2072 at
719 2037 863 2084 Glasgw
881 2037 940 2072 the
967 2036 1049 2083 xviij
1078 2037 1144 2084 day
1164 2037 1204 2071 of
1223 2037 1283 2072 the
1301 2036 1442 2072 moneth
1460 2036 1500 2071 of
1521 2036 1720 2072 December

262 2098 297 2130 in
311 2096 370 2130 the
385 2097 472 2142 yher
488 2097 527 2131 of
540 2110 602 2132 our
621 2097 718 2132 Lord
736 2110 755 2132 a
769 2098 940 2132 thousand
956 2097 1219 2133 fourhwndreth
1231 2098 1323 2145 fyfty
1337 2098 1402 2132 and
1417 2098 1495 2132 four
1512 2098 1630 2144 yheris
1644 2111 1721 2145 pro-

260 2156 370 2204 portis
388 2157 455 2191 and
473 2157 578 2192 beiris
596 2165 730 2205 wytnes
748 2158 823 2193 that
840 2158 867 2193 it
884 2158 912 2193 is
931 2158 1113 2206 appoyntit
1130 2159 1196 2194 and
1225 2159 1377 2194 accordit
1402 2159 1445 2194 be
1464 2164 1559 2205 twyx
1576 2171 1618 2194 an
1637 2159 1720 2193 hon-

262 2216 397 2263 orabyll
414 2229 513 2251 mane
531 2217 553 2253 J
557 2217 645 2252 ohne
667 2218 806 2253 Steuart
823 2218 882 2253 the
901 2219 976 2253 first
992 2225 1136 2265 provest
1153 2219 1227 2255 that
1245 2232 1312 2254 was
1338 2219 1374 2254 in
1392 2219 1451 2254 the
1470 2219 1537 2254 cite
1555 2219 1596 2254 of
1619 2219 1720 2255 Glas-

261 2290 316 2324 gw
335 2289 378 2311 on
396 2277 456 2312 the
482 2283 518 2312 ta
542 2284 620 2324 part
636 2287 644 2314 l
662 2279 730 2313 and
756 2279 910 2325 discreyt
936 2279 1124 2326 religiouse
1155 2293 1233 2315 men
1265 2281 1352 2315 Frer
1381 2280 1497 2316 ,Johne
1528 2280 1565 2314 of
1595 2279 1719 2315 Govan

265 2338 388 2372 Priour
407 2338 446 2372 of
471 2337 529 2372 the
556 2337 674 2372 Freris
701 2339 740 2373 of
769 2339 906 2385 Glasgu
932 2339 1000 2373 and
1026 2339 1086 2374 the
1117 2347 1244 2375 covent
1270 2341 1321 2375 off
1345 2341 1405 2376 the
1436 2352 1554 2386 samyn
1585 2352 1629 2374 on
1660 2339 1718 2374 the
