1922 2764
113 1375 160 1411 iii.

214 292 284 326 236
801 295 1081 330 APPENDIX.

213 400 352 436 dedisse
371 407 406 436 et
424 403 637 438 concessisse
664 409 700 439 et
725 404 789 439 hac
818 405 917 440 karta
946 411 1065 440 nostra
1095 405 1315 441 confirmasse
1348 406 1428 441 Deo
1459 413 1494 441 et
1524 408 1670 442 ecclesie

216 462 340 497 Sancte
361 462 475 498 Marie
494 464 537 499 de
556 464 692 500 Melros
711 471 747 500 et
764 465 940 501 monachis
955 466 1083 501 ibidem
1110 466 1192 502 Deo
1212 467 1445 503 seruientibus
1463 468 1498 503 in
1529 468 1670 504 liberam

213 529 248 558 et
265 529 468 571 perpetuam
487 525 709 560 elemosinam
723 526 809 561 illud
823 526 981 574 tophtum
1000 527 1034 562 in
1053 528 1165 574 burgo
1184 529 1227 563 de
1246 528 1382 576 Glasgu
1404 550 1409 555 ·
1433 529 1525 576 quod
1540 529 1670 564 Ranul-

210 583 264 618 fus
282 584 326 618 de
346 584 550 620 Hadintune
569 586 743 621 edificauit
766 586 800 620 in
819 587 928 634 prima
946 587 1164 623 edificatione
1190 589 1293 636 burgi
1320 590 1363 624 ad
1381 603 1468 637 opus
1487 590 1608 625 domus
1627 591 1670 625 de

211 644 346 679 Melros
368 666 374 672 ·
397 645 445 680 ita
461 646 616 693 plenarie
635 647 724 682 sicut
742 647 827 682 illud
846 648 1020 683 edificauit
1038 655 1073 683 et
1091 650 1204 685 tenuit
1225 671 1231 676 ·
1253 656 1357 697 prout
1375 650 1477 686 etiam
1500 651 1669 698 prefatum

212 705 368 752 tophtum
386 707 552 754 predictis
570 708 745 743 monachis
760 708 876 743 datum
892 715 986 744 carta
1004 709 1264 756 predecessoris
1278 711 1386 757 nostrj
1406 711 1463 758 pie
1477 711 1641 747 memorie
1667 732 1673 738 ·

210 765 233 801 J
255 787 261 793 ·
284 767 436 814 episcopi
459 767 703 815 Glasguiensis
722 774 870 804 testatur
893 790 898 795 ·
924 770 1044 810 Quare
1063 770 1221 805 uolumus
1240 777 1278 806 ut
1296 772 1483 819 supradictj
1513 773 1669 808 monachi

211 826 254 861 de
274 827 408 862 Melros
427 834 570 863 teneant
589 835 623 864 et
649 829 851 876 possideant
880 831 1073 876 predictum
1105 832 1263 879 tophtum
1293 832 1341 867 ita
1370 833 1480 868 libere
1500 839 1535 868 et
1553 834 1669 880 quiete

211 888 300 923 sicut
330 888 395 935 ipsi
425 889 572 936 aliquam
600 889 821 925 elemosinam
853 890 997 925 liberius
1029 897 1064 926 et
1082 891 1237 939 quiecius
1255 899 1379 928 tenent
1397 899 1432 928 et
1461 894 1668 940 possident·

212 948 279 983 His
298 949 444 984 testibus
466 971 472 977 ·
497 950 648 985 Radulfo
669 951 832 998 episcopo
851 951 894 986 dc
914 951 1021 987 Dune
1045 973 1050 979 ·
1075 952 1108 986 R
1130 973 1136 979 ·
1159 953 1282 988 abbate
1301 954 1344 989 de
1365 954 1488 989 Kinlos
1510 975 1516 981 ·
1539 954 1670 1001 Magis-

210 1015 264 1043 tro
286 1030 292 1036 ·
314 1010 337 1045 J
359 1031 364 1036 -
388 1010 522 1057 officialj
547 1031 554 1038 ·
577 1011 771 1046 Benedicto
798 1012 977 1059 capellano
1000 1034 1005 1039 ·
1031 1013 1237 1048 Alexandro
1268 1014 1446 1062 capellano
1468 1036 1474 1042 -
1497 1015 1670 1062 Magistro

212 1070 314 1116 Terrj
338 1091 344 1097 ·
370 1071 523 1118 Hugone
542 1070 659 1107 Luuel
683 1093 688 1098 -
714 1072 871 1108 Waltero
889 1073 933 1108 de
953 1073 1051 1108 Paris
1073 1094 1079 1099 -
1104 1080 1140 1109 et
1158 1074 1233 1121 alijs
1251 1075 1367 1110 multis
1389 1096 1395 1101 ·

211 1255 317 1290 Carta
337 1254 484 1290 Walteri
503 1255 656 1303 episcopi
676 1256 719 1291 de
738 1256 824 1291 tofto
842 1256 876 1291 in
900 1256 1036 1304 Glasgv
1059 1278 1063 1284 -

211 1346 422 1414 Walterus
453 1379 525 1414 Dei
554 1380 672 1426 gracia
702 1380 896 1428 Episcopus
927 1381 1171 1429 Glasguiensis
1203 1382 1374 1417 vniuersis
1405 1389 1522 1418 sancte
1554 1383 1670 1418 matris

212 1439 359 1475 ecclesie
378 1440 456 1475 filiis
475 1446 542 1475 tam
570 1441 719 1488 posteris
747 1454 847 1488 quam
873 1442 1095 1489 presentibus
1114 1443 1259 1478 salutem
1277 1443 1313 1477 in
1333 1442 1414 1490 Xpo
1435 1464 1442 1470 ·
1467 1443 1590 1479 Sciatis
1608 1456 1670 1478 nos

210 1501 348 1536 dedisse
380 1508 415 1536 et
441 1502 655 1537 concessisse
685 1508 720 1537 et
750 1502 813 1538 hac
832 1509 926 1538 carta
955 1509 1074 1538 nostra
1092 1504 1313 1540 confirmasse
1344 1505 1425 1540 Deo
1456 1511 1493 1540 et
1523 1506 1670 1541 ecclesie

211 1563 337 1598 Sancte
356 1562 470 1598 Marie
490 1563 532 1598 de
553 1563 705 1598 Melross
724 1569 760 1598 et
777 1563 953 1599 monachis
971 1564 1100 1599 ibidem
1119 1565 1200 1600 Deo
1219 1565 1452 1601 seruientibus
1470 1566 1504 1600 in
1525 1566 1669 1601 liberam

209 1629 244 1658 et
278 1629 481 1670 perpetuam
516 1624 737 1659 elemosinam
770 1623 855 1659 illud
893 1625 1050 1672 tophtum
1091 1625 1124 1659 in
1160 1626 1272 1672 burgo
1303 1626 1346 1661 de
1381 1626 1518 1674 Glasgu
1544 1648 1549 1653 ·
1578 1627 1669 1674 quod

210 1683 381 1718 Ranulfus
400 1685 443 1720 de
477 1685 682 1720 Hadintune
714 1685 889 1720 edificauit
919 1686 953 1720 in
984 1686 1094 1733 prima
1124 1686 1347 1722 edificacione
1378 1687 1480 1734 burgi
1510 1688 1553 1722 ad
1584 1700 1670 1735 opus

208 1744 328 1779 domus
347 1745 390 1780 de
410 1745 562 1780 Melross
584 1766 590 1772 ·
613 1746 660 1780 ita
673 1746 829 1793 plenarie
844 1746 933 1781 sicut
946 1747 1032 1782 illud
1047 1747 1221 1783 edificauit
1239 1753 1275 1783 et
1288 1748 1400 1783 tenuit
1421 1769 1427 1775 -
1450 1755 1553 1796 prout
1567 1749 1669 1784 etiam

208 1806 377 1852 prefatum
396 1807 555 1854 tophtum
573 1807 740 1854 predictis
758 1808 934 1843 monachis
953 1808 1070 1843 datum
1088 1814 1182 1844 carta
1208 1809 1467 1856 predecessoris
1485 1811 1595 1846 nostri
1613 1811 1669 1858 pie

207 1867 370 1902 memorie
393 1888 400 1894 ·
421 1868 443 1903 J
465 1888 472 1895 ·
495 1868 649 1915 episcopi
663 1868 908 1916 Glasguiensis
920 1875 1067 1904 testatur
1089 1890 1095 1896 ·
1121 1870 1240 1911 Quare
1257 1870 1415 1906 uolumus
1430 1877 1468 1906 ut
1482 1872 1669 1919 supradicti

208 1929 364 1964 monachi
383 1930 426 1964 de
445 1929 599 1965 Melross
622 1951 628 1957 ·
650 1936 795 1965 teneant
814 1936 849 1965 et
875 1930 1076 1978 possideant
1101 1931 1293 1978 predictum
1313 1932 1469 1979 tophtum
1494 1932 1543 1967 ita
1559 1933 1669 1968 libere

209 1995 243 2024 et
261 1990 377 2036 quiete
397 1991 486 2026 sicut
503 1991 567 2038 ipsi
586 1991 733 2038 aliquam
752 1991 973 2027 elemosinam
1001 1992 1144 2028 liberius
1172 1999 1207 2028 et
1225 1993 1379 2040 quiecius
1398 2000 1521 2029 tenent
1539 2001 1574 2030 et
1592 2008 1669 2042 pos-

207 2049 321 2084 sident
343 2071 349 2076 -
373 2050 441 2085 His
459 2051 605 2086 testibus
628 2072 634 2077 ·
658 2052 831 2099 Magistro
850 2053 1025 2088 Willelmo
1044 2053 1087 2088 de
1107 2053 1201 2088 Blais
1216 2054 1457 2090 archidiacono
1475 2055 1519 2090 de
1539 2056 1668 2103 Bukig-

207 2110 284 2145 ham
307 2131 313 2137 ·
337 2110 510 2157 Magistro
530 2112 707 2148 Willelmo
734 2113 777 2148 de
800 2113 959 2149 Grenlau
981 2135 987 2140 ·
1011 2120 1046 2149 et
1073 2114 1247 2161 Magistro
1266 2114 1442 2150 Willelmo
1473 2116 1516 2151 de
1549 2116 1669 2152 Hede-

208 2170 285 2205 ham
307 2191 313 2197 ·
337 2177 372 2206 et
390 2171 564 2218 Magistro
583 2172 698 2207 Adam
717 2173 761 2208 de
782 2173 943 2221 Walepol
964 2195 970 2201 ·
993 2181 1029 2210 et
1061 2174 1235 2222 Magistro
1263 2175 1484 2212 Theoderico
1505 2198 1511 2203 ·
1535 2177 1669 2213 clericis

208 2231 335 2266 nostris
357 2253 363 2258 ·
387 2232 522 2267 Thoma
540 2239 575 2267 et
595 2233 752 2269 Waltero
771 2234 958 2281 capellanis
976 2235 1104 2270 nostris
1126 2257 1132 2263 ·
1156 2242 1192 2271 et
1212 2236 1387 2272 Willelmo
1406 2237 1449 2272 de
1470 2237 1638 2285 Haneslej
1662 2260 1667 2266 ·

210 2291 353 2327 Warino
373 2299 499 2340 nepote
518 2300 637 2329 nostro
659 2315 665 2321 ·
689 2300 724 2330 et
744 2295 894 2330 Radulfo
914 2295 1041 2331 clerico
1064 2302 1100 2331 et
1118 2296 1233 2332 multis
1252 2297 1327 2332 aliis
1349 2319 1355 2324 ·
1378 2298 1467 2345 apud
1487 2298 1639 2333 Melross
1662 2318 1667 2324 ·
