1922 2764
239 260 306 292 100
562 255 718 291 LIBER
744 254 991 291 ECCLESIE
1021 255 1359 290 COLLEGIATE

235 354 318 388 timo
336 354 392 388 die
407 366 490 388 vero
505 353 740 388 decimosexto
759 353 886 388 mensis
902 352 1035 399 Aprilis
1051 361 1060 388 Ι
1077 352 1117 386 In
1133 352 1199 386 mei
1216 351 1339 386 notarii
1357 351 1484 398 publici
1500 356 1536 385 et
1549 351 1688 385 testium

235 414 503 461 subscriptorum
530 414 707 460 presentia
732 412 961 460 personaliter
988 412 1194 447 constitutus
1221 411 1346 445 nobilis
1365 417 1400 445 et
1424 416 1612 458 prepotens
1631 411 1689 445 do-

234 474 346 509 minus
376 474 548 509 Dominus
575 474 618 508 de
650 473 899 520 Montgomery
926 485 965 507 ac
993 472 1120 508 Comes
1151 472 1194 506 de
1226 471 1417 518 Eglintone
1445 484 1505 506 sua
1534 484 1629 506 mera
1655 478 1690 506 et

235 540 425 581 spontanea
448 534 625 569 voluntate
653 534 791 581 suisque
810 533 957 568 vtilitate
985 538 1021 567 et
1047 532 1224 567 commodo
1243 532 1394 578 vndique
1421 532 1568 579 preuisis
1585 541 1594 568 Ι
1610 545 1688 567 con-

236 595 346 630 stituit
375 595 410 628 in
442 594 592 629 vberiori
622 595 730 629 forma
764 599 1005 640 procuratores
1036 592 1262 626 nominandos
1296 605 1358 639 per
1389 592 1623 627 venerabilem
1655 599 1690 627 et

235 655 414 702 egregium
430 655 541 689 virum
557 654 755 700 magistrum
770 654 792 689 J
795 653 937 688 aeobum
954 652 1162 687 Houstoune
1182 652 1414 687 subdecanum
1432 652 1688 699 Glasguensem

235 715 277 748 ad
303 714 550 761 resignandum
577 714 611 748 in
637 714 790 748 fauorem
817 712 924 759 ipsius
951 712 1106 759 magistri
1124 713 1246 748 Jacobi
1273 725 1373 747 omne
1397 713 1453 759 jus
1481 726 1577 747 suum
1597 714 1688 760 quod

233 775 338 809 habet
355 775 389 809 in
409 780 444 809 et
461 775 503 809 ad
522 780 633 809 certas
652 780 762 808 terras
781 779 991 820 campestres
1009 785 1093 819 quas
1111 773 1154 807 ad
1180 785 1325 820 presens
1352 773 1386 807 in
1412 773 1567 808 manibus
1585 774 1688 809 habet

234 835 399 882 magister
418 835 592 869 Martinus
613 833 778 868 Hommill
799 833 845 868 Et
863 833 905 867 ad
923 833 1170 879 resignandum
1190 833 1383 867 huiusmodi
1402 839 1511 868 terras
1530 833 1564 867 in
1584 834 1688 868 mani-

234 896 298 930 bus
325 896 424 930 vnius
451 895 655 930 balliuorum
683 894 955 940 Glasguensium
988 894 1022 927 in
1048 893 1201 928 fauorem
1229 893 1336 940 ipsius
1362 894 1516 940 magistri
1542 894 1689 930 Jacobil

230 957 387 1003 jacentes
405 956 439 990 in
458 956 633 990 territorio
655 955 867 1001 Glasguensi
885 963 893 991 l
912 954 1076 989 videlicet
1102 967 1203 989 vnam
1230 967 1342 989 acram
1368 960 1462 989 terre
1489 955 1689 1002 campestris

232 1017 404 1063 jacentem
423 1017 456 1050 in
478 1015 664 1062 Kynclaith
682 1027 789 1062 prope
813 1015 968 1060 Myldam
987 1027 1087 1061 quam
1113 1027 1206 1049 nunc
1224 1020 1369 1062 occupat
1388 1015 1555 1050 Patricius
1575 1015 1688 1050 Craw-

234 1077 313 1111 furd
331 1077 421 1111 inter
439 1082 550 1111 terras
568 1076 648 1110 olim
668 1075 877 1121 Kentigerni
902 1075 1091 1109 Mortoune
1111 1087 1155 1109 ex
1173 1075 1332 1109 orientali
1351 1081 1386 1109 et
1404 1082 1514 1109 terras
1533 1081 1688 1122 spectan-

234 1142 288 1172 tes
307 1137 398 1171 dicto
424 1136 588 1181 magistro
615 1135 746 1171 Jacobo
764 1135 938 1169 fundatori
957 1147 1001 1170 ex
1019 1135 1224 1170 occidentali
1247 1144 1255 1171 Ι
1281 1135 1369 1170 Item
1388 1148 1487 1169 vnam
1507 1135 1689 1170 dimediam

236 1209 346 1231 acram
363 1203 457 1231 terre
472 1196 645 1243 jacentem
664 1196 698 1230 in
718 1195 869 1230 Dowhill
888 1195 980 1230 inter
993 1201 1104 1230 terras
1119 1195 1309 1242 capellanie
1330 1195 1445 1230 Sancti
1467 1195 1626 1230 Nicholai
1646 1209 1688 1230 ex

235 1257 375 1292 australi
402 1263 438 1292 et
463 1262 573 1291 terras
601 1256 793 1303 Pedagogii
823 1256 1054 1303 Glasguensis
1081 1269 1126 1290 ex
1151 1256 1281 1290 boreali
1303 1264 1311 1292 l
1332 1256 1378 1290 Et
1405 1256 1561 1290 similiter
1588 1269 1687 1291 vnam

234 1317 415 1351 dimediau]
443 1329 555 1351 acram
581 1323 676 1351 terre
702 1316 903 1363 campestris
927 1316 970 1351 de
998 1316 1240 1351 Brumelandis
1263 1317 1436 1363 jacentem
1463 1316 1553 1351 inter
1579 1324 1689 1352 terras

237 1378 398 1412 Rectoris
417 1377 459 1412 de
479 1377 614 1424 Glasgu
633 1389 677 1412 ex
696 1377 854 1412 orientali
874 1382 909 1411 et
927 1383 1037 1411 terras
1055 1377 1226 1423 quondam
1246 1376 1399 1411 Donaldi
1418 1376 1553 1411 Liouue
1573 1389 1617 1412 ex
1635 1390 1689 1412 oc-

235 1437 397 1472 cidentali
427 1437 582 1483 partibus
612 1437 654 1471 ab
685 1437 794 1471 altera
822 1458 828 1463 -
858 1437 1084 1472 Presentibus
1115 1437 1241 1472 ibidem
1275 1437 1409 1471 Adamo
1440 1437 1688 1485 Montgomery

234 1497 413 1543 capitaneo
432 1497 475 1531 de
497 1497 656 1543 Sagadall
676 1497 813 1531 domino
840 1497 995 1531 Roberto
1017 1497 1259 1544 Wylkynsone
1279 1497 1406 1532 vicario
1427 1497 1470 1532 de
1491 1497 1688 1533 Ardrossan

237 1556 412 1591 Willelmo
429 1556 525 1603 Snyp
545 1569 646 1591 seruo
664 1557 770 1603 ipsius
784 1557 928 1591 Domini
944 1557 1090 1593 Comitis
1105 1557 1369 1604 reuerendoque
1386 1557 1420 1591 in
1437 1557 1577 1593 Christo
1591 1565 1689 1605 patre

237 1617 393 1651 Roberto
420 1616 594 1664 Episcopo
622 1616 835 1651 Lismorensi
857 1637 863 1643 ·
887 1617 954 1651 ET
985 1617 1095 1652 EGO
1124 1617 1275 1651 Thomas
1302 1617 1475 1664 Flemyng
1504 1619 1689 1664 presbyter

238 1676 468 1723 Glasguensis
487 1677 634 1712 diocesis
652 1677 810 1724 publicus
830 1690 926 1712 sacra
943 1678 1148 1712 auctoritate
1170 1677 1373 1724 Apostolica
1391 1677 1544 1712 notarius
1597 1678 1689 1719 Quia

239 1736 306 1783 [etc
321 1735 335 1782 ]

237 1885 306 1950 IN
333 1916 423 1951 DEI
455 1916 662 1952 NOMINE
697 1917 811 1952 Amen
838 1938 844 1944 .
876 1918 942 1952 Per
973 1917 1038 1952 hoc
1065 1917 1238 1965 publicum
1265 1917 1531 1952 instrumentum
1558 1919 1689 1953 cunctis

236 1982 351 2022 pateat
369 1977 460 2023 quod
478 1989 567 2011 anno
586 1977 830 2012 incarnationis
856 1978 1041 2013 Dominice
1059 1978 1240 2012 millesimo
1258 1978 1536 2025 quingentesimo
1554 1978 1690 2025 trigesi-

236 2036 438 2082 moseptimo
457 2037 512 2071 die
531 2050 614 2072 vero
633 2038 837 2073 duodecimo
855 2038 982 2073 mensis
1003 2038 1087 2073 Maii
1105 2047 1113 2074 l
1130 2038 1170 2072 In
1193 2038 1260 2073 mei
1281 2038 1407 2073 notarii
1423 2038 1551 2085 publici
1570 2044 1606 2073 et
1623 2044 1689 2074 tes-

236 2095 319 2130 tium
335 2096 602 2142 subscriptorum
621 2099 798 2144 presentia
816 2099 1045 2145 personaliter
1060 2098 1267 2133 constitutus
1281 2098 1452 2133 discretus
1466 2098 1518 2132 vir
1532 2098 1689 2133 dominus

239 2154 470 2189 Archibaldus
491 2156 671 2192 Wilsoune
698 2164 899 2204 procurator
919 2165 954 2193 et
973 2171 1014 2193 eo
1039 2158 1176 2192 nomine
1196 2158 1320 2192 nobilis
1339 2164 1374 2193 et
1391 2158 1543 2205 potentis
1561 2158 1689 2192 domiui

240 2214 402 2261 Hugonis
432 2215 576 2251 Comitis
603 2217 646 2252 de
674 2218 887 2265 Eglintoune
913 2224 948 2253 et
974 2218 1113 2253 Domini
1133 2219 1176 2253 de
1195 2218 1466 2265 Montgomerye
1485 2219 1629 2253 accessit
1647 2219 1689 2252 ad

238 2281 348 2309 terras
367 2275 575 2322 subscriptas
592 2285 600 2312 Ι
616 2277 664 2312 Et
680 2278 789 2324 primo
808 2279 851 2312 ad
870 2291 969 2313 vnam
997 2291 1107 2313 acran]
1128 2285 1221 2313 terre
1240 2279 1441 2325 campestris
1463 2279 1634 2324 jacentem
1654 2278 1687 2312 in
