1922 2764
241 201 306 232 148
650 199 979 235 MUNIMENTA
1011 199 1270 235 FRATRUM

237 312 354 341 nostra
372 307 578 354 impendatis
596 308 822 343 absolutionis
840 309 1045 343 beneficium
1070 330 1075 335 ·
1099 315 1134 343 et
1160 315 1263 355 prout
1290 309 1478 342 secundum
1502 307 1618 342 Deum
1639 321 1699 343 ex-

237 367 357 414 pedire
384 367 543 402 uideritis
570 368 780 415 dispensetis
803 390 808 395 -
832 369 896 403 nisi
928 370 1016 404 adeo
1043 376 1137 404 esset
1163 369 1309 403 difficilis
1337 375 1372 403 et
1398 368 1548 403 enormis
1579 382 1699 404 exces-

237 440 295 462 sus
311 436 320 464 1
337 428 426 475 quod
446 429 569 464 merito
587 442 649 476 pro
667 429 733 476 hijs
761 430 932 465 deberent
958 430 999 464 ad
1029 430 1146 464 sedem
1167 429 1387 476 apostolicam
1408 429 1575 464 destinari
1597 451 1603 456 ·
1629 430 1700 464 Da—

238 494 308 522 tum
636 489 800 524 Laterani
1137 502 1182 536 xrj
1522 490 1700 526 Kalendas

238 549 332 596 Junij
525 549 748 585 Pontificatus
939 550 1048 584 nostri
1241 550 1348 585 Anno
1535 551 1650 585 Primo
1673 572 1678 577 ·

241 731 341 766 Bulla
360 732 559 778 Innoceneij
580 745 667 779 pape
690 753 696 759 ·
721 744 777 766 1111
801 753 806 758 -
830 733 873 766 de
893 731 1081 766 elimosinis
1110 732 1208 766 nobis
1228 732 1360 767 collatis
1383 754 1388 759 -
1462 744 1508 767 XL
1530 754 1535 759 ·
1559 732 1633 767 dies
1652 734 1701 767 in-

241 792 501 837 dulgenciarum
520 793 665 839 singulis
685 792 783 826 annis
807 813 812 818 ·

241 886 615 952 INNOCENCIUS
642 917 824 963 episcopus
851 929 972 951 seruus
999 929 1178 951 seruorum
1201 917 1269 963 Dej
1295 938 1300 943 ·
1326 917 1511 952 Uniuersis
1528 910 1599 964 Xpi
1619 918 1703 952 fide„

240 979 328 1013 libus
343 985 525 1025 presentes
540 978 672 1013 litteras
685 978 891 1025 inspecturis
914 1000 919 1005 ·
946 978 1097 1013 Salutem
1113 984 1148 1013 et
1158 978 1378 1025 apostolicam
1394 979 1671 1013 benedictionem
1695 1000 1701 1005 ·

243 1039 413 1082 Quoniam
446 1046 483 1074 ut
512 1040 560 1074 ait
589 1039 764 1086 apostolus
792 1052 910 1073 omnes
938 1039 1102 1073 stabimus
1132 1046 1212 1073 ante
1245 1039 1393 1073 tribunal
1427 1039 1498 1086 Xpi
1526 1039 1702 1086 recepturi

240 1108 343 1149 prout
361 1101 394 1134 in
414 1113 559 1147 corpore
577 1100 747 1147 gessimus
765 1100 838 1134 siue
857 1100 982 1134 bonum
998 1100 1103 1134 f'uerit
1118 1100 1191 1134 siue
1211 1100 1334 1134 malum
1352 1109 1360 1136 Ι
1378 1106 1516 1147 oportet
1534 1113 1596 1134 nos
1612 1100 1702 1134 diem

242 1162 421 1197 messionis
440 1168 596 1196 extreme
616 1161 851 1196 misericordie
872 1161 1034 1208 operibns
1049 1159 1260 1208 preue[nir]e
1279 1170 1286 1197 l
1303 1174 1341 1195 ac
1360 1168 1558 1196 eternorum
1578 1161 1703 1195 intuitu

241 1223 410 1258 seminare
437 1223 470 1256 in
490 1222 592 1257 terris
609 1231 617 1258 s
634 1222 725 1268 quod
743 1222 829 1256 redd
856 1231 865 1255 ².
897 1248 904 1255 .
934 1248 940 1255 .
971 1237 979 1256 ‚¹
1009 1230 1015 1255 ’.
1044 1221 1197 1256 Domino
1216 1234 1291 1256 cum
1312 1222 1537 1268 multiplicato
1563 1222 1703 1259 fructus

241 1284 447 1331 recolligere
462 1283 649 1317 debeamus
664 1283 697 1316 in
714 1282 797 1317 celis
814 1291 823 1319 l
841 1283 967 1317 firmam
988 1295 1082 1329 spem
1098 1282 1326 1329 fiduciamque
1341 1289 1504 1317 tenentes
1520 1292 1529 1319 Ι
1545 1283 1704 1330 quoniam

242 1346 298 1393 qui
325 1358 427 1392 parce
455 1344 602 1379 seminat
627 1356 730 1390 parce
758 1349 793 1378 et
818 1349 951 1380 metet!
969 1349 1004 1377 et
1023 1343 1078 1390 qui
1099 1343 1246 1378 seminat
1272 1343 1304 1377 in
1334 1343 1634 1378 benedictionibus
1662 1344 1705 1379 de

241 1406 541 1442 benedictionibus
566 1411 601 1440 et
626 1410 734 1439 metet
760 1404 865 1439 uitam
884 1410 1038 1438 eternam
1061 1425 1067 1430 ·
1092 1404 1180 1439 Cum
1201 1404 1306 1449 igitur
1334 1404 1452 1438 dilecti
1472 1404 1530 1451 filij
1560 1425 1566 1431 ·
1590 1426 1595 1430 -
1624 1404 1705 1439 Fra*

241 1475 312 1503 tres
344 1467 474 1502 ordinis
507 1466 766 1500 predicatorum
795 1465 1205 1511 Glasguenseslibidem
1238 1465 1327 1500 sicut
1357 1465 1553 1512 accepimus
1585 1465 1707 1500 Eccle-

243 1529 324 1563 siam
345 1535 379 1563 et
398 1528 463 1562 alia
480 1526 614 1562 edificia
636 1526 706 1560 suis
725 1526 843 1560 usibus
862 1532 1032 1572 oportuna
1056 1531 1260 1560 construere
1287 1525 1446 1572 ceperint
1462 1534 1470 1562 l
1487 1532 1523 1560 et
1549 1526 1591 1560 ad
1618 1525 1707 1572 ipso-

243 1602 317 1624 rum
337 1587 663 1624 consummationem
683 1599 813 1633 sueque
840 1593 913 1621 arte
939 1586 1010 1621 uite
1038 1586 1325 1621 sustentationem
1345 1586 1497 1621 fidelium
1525 1586 1708 1633 indigeant

244 1652 354 1687 iuuari
386 1650 546 1696 subsidijs
569 1670 574 1676 ·
599 1662 675 1684 cum
709 1648 823 1683 ferant
862 1654 1004 1696 propter
1046 1648 1163 1696 Xpum
1195 1648 1391 1683 uoluntarie
1421 1648 1588 1683 sarcinam
1626 1661 1707 1695 pau-

244 1712 388 1760 pertatis
405 1720 413 1748 Ι
430 1711 690 1745 vniuersitatem
718 1716 868 1744 uestram
895 1722 1055 1756 rogamus
1072 1718 1080 1746 Ι
1097 1722 1275 1744 monemus
1292 1718 1301 1745 Ι
1319 1716 1354 1744 et
1380 1709 1556 1744 hortamur
1579 1709 1611 1743 in
1633 1709 1707 1743 Do-

245 1774 337 1808 mino
354 1783 362 1809 l
379 1773 411 1807 in
439 1772 675 1806 remissionem
697 1771 795 1805 uobis
822 1770 1057 1817 peccaminum
1084 1770 1308 1817 iniungentes
1325 1778 1333 1806 Ι
1350 1769 1510 1816 quatinus
1538 1769 1580 1804 de
1608 1770 1709 1804 bonis

248 1834 344 1869 uobis
362 1847 381 1868 a
400 1833 480 1868 Deo
499 1832 631 1868 collatis
648 1840 657 1868 l
672 1832 745 1878 pias
770 1831 975 1866 elemosinas
992 1839 1000 1867 l
1018 1837 1053 1865 et
1078 1837 1177 1877 grata
1204 1831 1253 1865 eis
1281 1830 1432 1865 caritatis
1460 1830 1613 1864 subsidia
1636 1843 1709 1864 ero—

247 1896 337 1942 getis
354 1904 362 1931 s
378 1901 416 1929 ut
441 1907 504 1941 per
528 1892 792 1927 subuentionem
812 1898 962 1926 uestram
989 1891 1146 1938 predicta
1164 1891 1299 1926 edificia
1325 1891 1553 1926 consummari
1572 1890 1711 1925 ualeant.

249 1962 283 1990 et
306 1955 388 1990 alias
416 1967 532 1989 eorum
560 1953 754 1998 indigentie
781 1952 959 1999 prouideri
981 1973 986 1978 ·
1010 1965 1049 1986 ac
1076 1965 1138 1986 uos
1168 1965 1231 1999 per
1258 1952 1323 1986 hec
1355 1958 1390 1986 et
1424 1951 1490 1986 alia
1516 1952 1606 1986 bona
1642 1964 1708 1998 que

249 2016 401 2051 Domino
436 2015 626 2061 inspirante
661 2012 923 2060 f[ece]ritissad
960 2011 1104 2059 [etlernc
1144 2012 1372 2059 possessionis
1401 2011 1596 2059 felicitat[is]
1628 2025 1710 2058 gau-

249 2078 304 2111 dia
331 2074 565 2123 peru[eniat]is
587 2097 593 2102 -
619 2075 693 2110 Nos
720 2075 809 2110 enim
838 2075 881 2110 de
908 2075 1153 2122 omnipotentis
1181 2074 1251 2109 Dei
1285 2074 1522 2109 misericordia
1551 2080 1586 2108 et
1624 2073 1710 2107 Bea-

250 2144 360 2171 torum
389 2135 484 2170 Petri
514 2141 550 2170 et
576 2135 673 2170 Pauli
701 2135 932 2182 apostolorum
961 2135 1034 2169 eius
1062 2135 1267 2169 auctoritate
1287 2135 1406 2169 confisi
1424 2144 1432 2171 l
1449 2135 1606 2169 omnibus
1625 2146 1708 2168 uere

251 2196 488 2243 penitentibus
518 2201 555 2230 et
577 2196 743 2230 confessis
770 2196 825 2242 qui
854 2196 985 2230 eisdem
1012 2208 1075 2242 pro
1102 2196 1183 2230 dicti
1204 2195 1498 2230 consummatione
1519 2194 1633 2242 operis
1652 2193 1708 2228 uel

252 2270 313 2304 pro
345 2257 494 2303 ipsorum
528 2256 791 2291 necessitatibus
822 2256 1195 2291 releuandislmanum
1227 2256 1449 2302 porrexerint
1480 2255 1709 2290 adiutricem!
