1922 2764
272 265 318 296 48
600 260 755 295 LIBER
781 259 1030 296 ECCLESIE
1059 257 1399 294 COLLEGIATE

272 357 342 391 rius
373 357 521 404 eligatur
553 364 587 393 et
617 358 714 393 finito
745 370 835 392 anno
866 362 1059 403 compotum
1098 362 1133 390 et
1171 355 1340 389 rationem
1375 354 1557 401 Preposito
1588 361 1624 389 et
1652 368 1728 402 pre-

272 418 446 452 bendariis
474 419 547 452 siue
574 418 765 465 presidenti
793 424 828 452 et
854 416 1093 464 prebendariis
1116 416 1158 449 de
1184 414 1389 449 intromissis
1417 420 1452 448 et
1477 427 1540 461 per
1567 427 1644 448 eum
1664 415 1731 449 dis-

272 478 392 525 positis
422 478 526 513 faciet
560 478 607 513 Et
637 479 679 513 de
707 478 845 512 summis
876 476 1086 511 restantibus
1117 475 1260 510 intranti
1292 474 1465 521 Magistro
1492 475 1637 509 Fabrice
1666 475 1731 510 Ec-

273 538 377 573 clesie
411 538 606 586 Collegiate
638 539 841 573 solutionem
873 536 1075 583 faciethui
1106 549 1167 582 pro
1199 535 1374 569 laboribus
1405 535 1475 569 suis
1506 542 1665 582 compoto
1697 544 1732 570 et

273 599 443 634 solutione
472 599 571 634 factis
605 599 745 633 habebit
780 611 879 632 vnam
914 597 1023 644 rigam
1056 603 1149 630 terre
1182 596 1356 642 jacentem
1388 596 1420 629 in
1454 595 1578 642 Longa
1611 596 1732 631 Crofta

272 659 363 694 inter
393 665 503 694 terras
530 660 700 706 quondam
734 658 885 692 Eduardi
920 658 1016 692 Scott
1045 669 1090 691 ex
1117 656 1275 690 orientali
1303 662 1338 691 et
1367 656 1531 691 Willelmi
1565 657 1660 691 Scott
1687 657 1730 691 de

276 719 513 754 Bradisholme
541 732 586 754 ex
613 718 848 754 occidentali!
878 718 923 752 Et
950 717 977 751 si
1005 717 1117 751 dictus
1144 717 1317 763 Magister
1345 716 1490 751 Fabrice
1518 729 1593 752 mee
1622 717 1730 752 eccle-

274 780 322 814 sie
349 781 502 827 prudens
530 786 565 814 et
593 780 704 814 fidelis
731 778 924 826 reperiatur
952 778 983 811 in
1013 777 1104 811 dicto
1130 777 1240 811 officio
1267 777 1309 811 ad
1334 777 1420 811 duos
1444 777 1500 811 vel
1524 783 1595 812 tres
1623 790 1730 811 annos

273 840 492 874 continuetur
524 846 559 875 et
585 840 698 875 vltra!
716 852 756 873 ea
786 839 865 885 lege
897 838 924 872 si
955 838 1029 884 ipse
1063 837 1234 884 Magister
1262 838 1408 872 Fabrice
1437 838 1484 872 sic
1511 838 1730 873 continuatus

271 914 333 947 per
361 901 500 935 eosdem
527 901 711 947 negligens
736 899 842 933 fuerit
868 899 956 933 idem
986 898 1186 945 Prepositus
1214 898 1287 933 siue
1316 898 1498 945 presidens
1524 905 1558 933 et
1582 899 1729 945 preben-

271 961 357 995 darii
392 961 524 995 ratione
560 974 620 995 sue
658 960 757 1007 culpe
788 960 1000 994 tenebuntur
1036 966 1071 993 et
1105 959 1350 1006 obligabuntur
1384 959 1428 993 ad
1462 959 1729 994 satisfactionem

272 1022 313 1055 de
341 1022 545 1056 intromissis
577 1021 649 1055 siue
680 1021 903 1066 negligenter
930 1019 1063 1054 omissis
1093 1032 1156 1066 per
1183 1020 1311 1054 dictum
1343 1019 1551 1066 Magistrum
1582 1019 1728 1054 Fabrice

272 1082 418 1117 ecclesie
445 1095 519 1116 mee
537 1090 545 1118 l
564 1082 609 1116 Et
627 1082 776 1128 desuper
796 1080 874 1115 volo
893 1080 984 1127 quod
1012 1080 1128 1114 balliui
1158 1086 1193 1114 et
1220 1080 1380 1115 consules
1407 1080 1555 1114 ciuitatis
1577 1079 1726 1126 Glasgu-

272 1142 364 1176 ensis
382 1142 531 1176 habeant
549 1142 717 1176 actionem
739 1148 773 1175 et
792 1141 885 1175 litem
906 1146 1025 1175 contra
1052 1140 1144 1187 ipsos
1166 1140 1381 1187 Prepositum
1401 1140 1474 1175 siue
1493 1140 1727 1187 presidentem

271 1211 305 1238 et
335 1203 583 1250 prebendarios
611 1215 723 1237 coram
751 1202 889 1236 domino
921 1202 1055 1236 officiali
1085 1201 1241 1248 generali
1272 1202 1485 1248 Glasguensi
1512 1202 1552 1236 ad
1581 1201 1728 1248 compel-

270 1264 410 1298 lendum
429 1263 568 1298 eosdem
587 1263 783 1310 respectiuc
809 1262 851 1296 ad
877 1262 1144 1296 satisfactionem
1163 1262 1299 1308 dampni
1320 1262 1362 1297 de
1382 1274 1498 1296 eorum
1526 1262 1625 1296 bonis
1650 1275 1727 1308 pro-

270 1325 352 1371 priis

270 1473 415 1538 ITEM
443 1505 581 1551 assigno
600 1504 730 1538 decano
749 1503 888 1550 capituli
907 1503 1053 1538 ecclesie
1080 1503 1343 1549 metropolitane
1366 1503 1596 1550 Glasguensis
1616 1510 1651 1537 et
1669 1516 1727 1537 vni

271 1565 435 1599 canonico
454 1565 544 1599 dicte
570 1564 716 1599 ecclesie
744 1577 806 1611 per
834 1576 910 1598 eum
939 1563 1102 1609 eligendo
1120 1572 1127 1599 l
1145 1570 1179 1598 et
1206 1564 1238 1597 in
1259 1563 1332 1597 eius
1355 1564 1510 1598 absentia
1535 1564 1727 1610 presidenti

271 1625 352 1659 dicti
372 1625 509 1672 capituli
529 1631 564 1659 et
582 1625 640 1659 vni
659 1625 823 1659 canonico
850 1637 913 1671 per
932 1637 1009 1658 eum
1028 1623 1192 1670 eligendo
1209 1632 1217 1659 l
1233 1624 1406 1658 annuatim
1426 1625 1549 1670 viginti
1574 1624 1701 1658 solidos
1718 1633 1726 1659 Ι

271 1685 433 1720 videlicet
448 1695 457 1722 l
474 1686 654 1720 duodecim
667 1686 794 1719 solidos
811 1685 942 1719 decano
955 1685 1027 1719 siue
1040 1685 1231 1731 presidenti
1267 1684 1313 1719 Et
1327 1691 1404 1719 octo
1419 1685 1546 1719 solidos
1561 1685 1726 1720 canonico

270 1746 433 1793 eligendo
466 1746 521 1781 Ac
552 1746 652 1781 etiam
684 1745 821 1780 domino
852 1745 979 1780 rectori
1012 1745 1115 1779 Alme
1148 1745 1395 1779 Vniuersitatis
1430 1745 1660 1791 Glasguensis
1691 1753 1726 1780 et

271 1806 402 1841 decano
427 1806 599 1842 facultatis
622 1807 745 1840 artium
772 1806 925 1840 eiusdem
953 1806 1127 1840 annuatim
1155 1805 1339 1840 tresdecim
1367 1805 1493 1840 solidos
1521 1812 1556 1840 et
1581 1812 1726 1852 quatuor

272 1866 456 1902 denarios!
474 1867 546 1907 Qui
573 1867 724 1901 decanus
751 1866 921 1913 percipiet
949 1872 1026 1901 octo
1055 1866 1182 1900 solidos
1211 1872 1246 1900 et
1267 1866 1418 1900 decanus
1441 1866 1612 1901 facultatis
1631 1867 1726 1913 quin-

272 1940 337 1973 que
365 1928 492 1962 solidos
521 1934 556 1962 et
583 1935 728 1974 quatuor
756 1928 915 1962 denarios
932 1936 940 1963 Ι
957 1933 992 1961 et
1018 1927 1062 1961 ob
1085 1927 1253 1974 premissa
1269 1927 1397 1962 facient
1415 1927 1506 1961 omni
1525 1933 1624 1962 terna
1641 1928 1727 1962 feria

271 1988 379 2034 prime
412 1988 600 2022 ebdomade
634 1987 910 2034 Quadragesime
945 1987 1083 2022 fidelem
1118 1988 1373 2034 inquisitionem
1409 1988 1452 2022 de
1483 1988 1726 2023 obseruatione

271 2048 454 2082 erectionis
474 2055 509 2083 et
525 2049 736 2083 fundationis
761 2061 800 2083 ac
827 2054 1031 2083 statutorum
1050 2048 1141 2082 dicte
1169 2048 1316 2082 ecclesie
1346 2049 1392 2082 Et
1420 2048 1576 2083 similiter
1595 2049 1638 2083 de
1656 2049 1727 2083 vita

272 2114 307 2142 et
324 2109 493 2154 regimine
519 2109 826 2155 prebendariorum
850 2109 1002 2143 eiusdem
1056 2109 1102 2143 Et
1125 2109 1153 2142 si
1177 2108 1365 2155 culpabiles
1383 2108 1513 2143 fuerint
1531 2109 1725 2143 referantur

271 2168 314 2201 ad
340 2169 588 2202 correctionem
619 2169 788 2215 Prepositi
816 2169 907 2203 dicte
934 2169 1080 2203 ecclesie
1109 2175 1144 2203 et
1170 2169 1204 2202 in
1233 2169 1306 2203 eius
1333 2169 1489 2203 absentia
1515 2170 1724 2216 presidentis

273 2227 425 2261 eiusdem
443 2237 451 2263 Ι
468 2228 515 2262 Et
533 2228 559 2261 si
579 2229 690 2263 dictus
708 2229 907 2275 Prepositus
927 2229 999 2263 siue
1019 2230 1199 2276 presidens
1218 2229 1402 2275 negligens
1416 2229 1521 2264 fuerit
1538 2242 1607 2264 non
1622 2230 1725 2264 corri-

272 2287 388 2333 gendo
406 2299 470 2321 nec
494 2287 669 2333 puniendo
689 2301 747 2323 eos
765 2289 823 2335 qui
842 2289 1030 2336 culpabiles
1047 2289 1177 2324 fuerint
1204 2302 1266 2336 per
1284 2289 1491 2336 quindenam
1510 2290 1588 2324 volo
1607 2302 1724 2324 eorum
