1922 2764
619 190 660 224 B.
690 190 736 224 V.
764 189 934 224 MARIE
961 187 1029 224 ET
1058 190 1092 224 S.
1122 190 1281 224 ANNE.
1629 196 1674 227 25

221 289 311 322 omni
329 288 512 322 honestate
531 293 567 322 et
583 287 751 321 munditia
800 287 848 321 Et
866 286 1027 322 candelas
1054 298 1158 333 super
1183 299 1313 320 summo
1332 287 1430 321 altari
1449 293 1484 322 et
1502 288 1546 322 lie
1564 288 1675 322 heirss

220 347 424 382 illuminabit
438 353 474 382 et
487 353 643 394 tempore
658 359 813 394 congruo
828 347 1012 393 extinguet
1056 346 1112 381 Ac
1126 346 1192 381 alia
1210 346 1324 381 facere
1344 352 1380 381 et
1397 359 1563 382 exercere
1577 354 1674 383 tene-

220 408 312 442 bitur
323 421 390 455 que
403 408 513 442 officio
525 408 670 442 Maioris
685 407 834 442 Sacriste
848 408 1049 442 incumbunt
1071 425 1078 431 ·
1102 407 1174 447 Qui
1185 407 1275 441 vltra
1286 407 1452 453 premissa
1462 408 1604 443 habebit
1614 422 1676 455 pro

221 469 373 503 candelis
388 469 430 503 de
446 482 531 516 cepo
549 469 595 503 lie
613 469 715 503 tauch
731 468 955 503 conficiendis
973 474 1009 502 et
1026 467 1260 502 illuminandis
1279 467 1312 501 in
1328 467 1419 502 dicta
1437 481 1512 502 mea
1530 469 1675 503 ecclesia

220 536 375 576 tempore
394 529 532 564 hiemali
551 538 560 565 l
576 542 596 564 a
613 529 720 564 Festo
740 528 903 563 Omnium
926 529 1128 564 Sanctorum
1152 533 1188 563 et
1205 528 1305 562 citius
1331 528 1358 562 si
1377 528 1549 563 videbitur
1568 542 1675 575 vsque

220 591 263 624 ad
278 590 418 624 Festum
434 590 686 625 Purificationis
702 590 810 625 Beate
826 590 940 625 Marie
956 590 1116 637 Virginis
1130 590 1299 624 inclusiue
1317 599 1325 625 l
1342 602 1441 624 vnam
1457 603 1568 624 acram
1583 597 1676 625 terre

216 651 389 695 jacentem
417 651 450 684 iu
482 651 517 697 ly
546 650 796 697 Provandsyde
827 651 918 685 inter
949 656 1060 685 terras
1090 663 1184 685 meas
1212 663 1257 685 ex
1281 649 1440 685 orientali
1495 650 1543 685 Et
1568 657 1678 685 terras

219 711 409 757 capellanie
430 711 546 746 Sancti
566 711 776 758 Kentigerni
794 711 828 745 in
848 711 955 746 Bassa
973 711 1133 746 Ecclesia
1149 711 1363 757 Glasguensi
1382 723 1427 745 ex
1445 711 1649 746 occidentali
1669 721 1676 747 l

220 771 307 806 Item
326 784 427 805 vnam
446 771 543 806 aliam
563 784 674 806 acram
694 778 788 806 terre
812 772 986 818 jacentem
1010 772 1044 806 in
1064 772 1099 818 ly
1118 771 1300 806 Deneside
1319 771 1410 806 inter
1436 777 1547 806 terras
1566 772 1678 818 capel-

220 832 309 866 lanie
331 832 447 866 Sancti
466 832 640 867 Nicholaii
659 833 692 866 in
712 833 792 867 naui
811 833 958 867 ecclesie
977 832 1208 879 Glasguensis
1227 845 1272 866 ex
1291 831 1496 867 occidentali
1515 838 1551 866 et
1568 838 1678 866 terras

219 904 312 926 meas
331 904 375 926 ex
394 892 553 927 orientali
569 901 578 929 l
595 893 683 927 Item
707 905 769 939 pro
788 905 868 928 cera
886 893 1060 927 annuatim
1079 905 1141 940 pro
1160 892 1312 927 candelis
1331 892 1516 926 maioribus
1535 899 1570 927 et
1588 893 1677 927 tedis

219 952 264 986 lie
282 952 410 987 torchis
430 953 673 1000 supportandis
692 953 726 986 in
746 953 868 988 eodem
889 953 1050 1000 Collegio
1067 962 1075 990 Ι
1093 966 1192 988 vnam
1211 965 1323 987 acram
1341 958 1436 988 terre
1451 953 1624 999 jacentem
1644 954 1678 987 in

220 1013 255 1058 ly
274 1012 468 1059 Denesyde
486 1013 578 1047 inter
595 1018 706 1048 terras
724 1026 818 1048 meas
838 1026 882 1048 ex
900 1013 1106 1048 occidentali
1157 1013 1205 1048 Et
1223 1020 1333 1048 terras
1352 1013 1542 1060 capellanie
1564 1014 1678 1048 Sancti

220 1073 355 1108 Thome
376 1073 555 1108 Marthiris
575 1073 717 1108 fundate
735 1086 798 1120 per
816 1074 1051 1109 venerabilem
1069 1074 1181 1108 virum
1198 1074 1399 1120 magistrum
1420 1074 1534 1109 Adam
1551 1074 1678 1120 Colqu-

218 1134 311 1168 houn
338 1139 510 1168 rectorem
537 1134 580 1168 de
610 1134 716 1169 Stobo
743 1147 788 1169 ex
815 1134 975 1169 orientali
1000 1134 1154 1181 partibus
1175 1143 1184 1170 l
1208 1135 1363 1175 Quarum
1391 1147 1545 1168 acrarum
1573 1134 1677 1168 iutro-

218 1195 334 1228 missio
365 1200 401 1229 et
432 1194 612 1241 dispositio
643 1195 813 1242 spectabit
843 1195 885 1229 ad
917 1195 1065 1230 eundem
1102 1194 1285 1230 Sacristam
1341 1194 1388 1229 Et
1417 1207 1480 1241 pro
1511 1194 1678 1229 fructibus

218 1255 406 1289 earundem
425 1255 634 1290 sustentabit
650 1255 846 1290 huiusmodi
864 1255 1025 1290 candelas
1044 1261 1081 1290 vt
1099 1268 1201 1302 supra
1248 1255 1336 1290 Item
1355 1267 1417 1302 pro
1436 1254 1516 1289 vino
1535 1267 1623 1301 pane
1643 1262 1677 1289 et

219 1315 371 1350 candelis
390 1316 500 1350 cereis
519 1315 708 1350 minoribus
736 1316 971 1351 sustentandis
997 1316 1136 1362 assigno
1155 1316 1246 1351 dicto
1273 1315 1504 1362 prebendario
1526 1315 1676 1350 Sacriste

219 1388 337 1410 omnes
370 1376 562 1411 oblationes
593 1376 684 1411 dicte
716 1376 863 1411 ecclesie
895 1389 970 1412 mee
1002 1389 1064 1424 per
1096 1376 1350 1411 Christifideles
1381 1376 1576 1410 offerendas
1602 1384 1611 1411 Ι
1638 1387 1677 1410 ea

219 1443 332 1471 tamen
360 1436 439 1483 lege
467 1437 558 1483 quod
579 1437 622 1471 de
642 1436 765 1471 oblatis
784 1437 929 1483 quilibet
954 1437 1204 1484 prebendarius
1230 1437 1265 1471 in
1294 1449 1354 1471 sua
1379 1436 1483 1470 missa
1508 1436 1677 1483 percipiet

219 1496 381 1543 quicquid
407 1497 557 1531 oblatum
577 1497 683 1531 fuerit
711 1497 738 1531 si
766 1503 912 1544 quatuor
938 1497 1098 1532 denarios
1125 1509 1195 1531 non
1222 1497 1369 1532 excedat
1393 1497 1562 1543 Exceptis
1580 1496 1677 1530 festis

220 1556 328 1591 Beate
348 1556 461 1591 Marie
480 1556 640 1603 Virginis
659 1563 695 1592 et
715 1557 839 1592 Sancte
861 1558 967 1592 Anne
985 1563 1207 1604 patronarum
1224 1558 1315 1592 dicte
1334 1557 1493 1592 Ecclesie
1546 1557 1585 1590 In
1605 1557 1676 1603 qui-

218 1618 282 1652 bus
299 1617 397 1652 festis
415 1617 560 1664 quilibet
577 1618 828 1664 prebendarius
847 1618 1027 1653 celebrans
1044 1618 1215 1665 percipiet
1233 1631 1296 1653 sex
1314 1617 1473 1652 denarios
1521 1616 1567 1651 Et
1585 1617 1675 1663 quod

219 1684 379 1724 superest
396 1677 488 1712 omni
506 1684 662 1724 tempore
681 1678 762 1712 anni
781 1679 937 1726 exceptis
964 1678 1176 1725 expressatis
1194 1678 1237 1713 ad
1255 1678 1383 1713 dictum
1410 1677 1674 1724 prebendarium

221 1738 403 1772 Sacristam
423 1738 592 1784 spectabit
610 1744 646 1773 et
661 1738 851 1785 pertinebit
869 1751 914 1773 ex
932 1751 1035 1774 causa
1051 1738 1244 1786 prescripta
1294 1738 1341 1773 Et
1367 1744 1484 1784 preter
1511 1737 1676 1784 premissa

220 1799 372 1845 singulas
390 1804 506 1833 vestes
525 1798 633 1833 lineas
651 1799 743 1834 dicte
763 1800 910 1834 ecclesie
928 1799 1103 1834 annuatim
1121 1811 1197 1834 cum
1216 1798 1304 1833 ratio
1321 1798 1431 1844 exigit
1449 1797 1555 1832 lauari
1572 1797 1676 1831 faciet

220 1866 255 1894 et
281 1859 480 1894 reformabit
501 1868 510 1895 l
531 1858 690 1894 Vlterius
717 1860 856 1906 assigno
885 1859 1019 1906 prefato
1046 1858 1277 1906 prebendario
1303 1858 1346 1892 ad
1371 1857 1530 1892 effectum
1559 1869 1674 1903 supra-

219 1920 383 1966 scriptum
401 1932 463 1966 pro
482 1931 562 1954 cera
580 1926 616 1954 et
633 1932 720 1967 cepo
739 1920 894 1954 emendis
912 1919 1037 1966 viginti
1055 1919 1182 1954 solidos
1201 1918 1304 1953 annui
1326 1917 1482 1952 redditus
1500 1917 1674 1952 annuatim

219 1979 357 2014 leuandi
376 1980 418 2014 de
437 1985 638 2015 tenemento
656 1980 827 2026 quondam
854 1979 1009 2026 magistri
1036 1978 1181 2014 Martini
1209 1977 1388 2024 Hommyll
1411 1978 1548 2024 jacente
1566 1978 1601 2011 in
1620 1978 1675 2012 via

220 2053 286 2086 que
305 2040 399 2074 ducit
423 2053 442 2074 a
468 2040 574 2075 Porta
592 2040 749 2075 Australi
776 2040 819 2074 ad
847 2040 991 2074 Pontem
1019 2051 1063 2074 ex
1088 2045 1186 2085 parte
1212 2037 1370 2072 orientali
1389 2038 1543 2072 eiusdem
1559 2046 1568 2073 Ι
1584 2038 1675 2073 inter

220 2106 331 2134 terras
349 2100 521 2147 quondam
544 2100 740 2135 Alexandri
769 2100 947 2146 Hommyll
967 2112 1011 2135 ex
1031 2099 1172 2134 australi
1188 2107 1196 2134 l
1212 2104 1322 2133 terras
1339 2098 1508 2134 ,Iohannis
1536 2098 1674 2134 Russall

219 2172 264 2195 ex
291 2159 495 2195 occidentali
516 2169 524 2195 l
545 2166 581 2195 et
606 2161 778 2195 venellam
805 2173 872 2207 que
899 2160 994 2195 ducit
1019 2160 1062 2194 ad
1088 2159 1323 2206 Malyndonar
1349 2171 1394 2194 ex
1421 2159 1605 2196 orientali!
1628 2160 1675 2194 Et

220 2220 375 2254 similiter
393 2220 477 2254 duas
496 2232 591 2255 acras
609 2226 704 2255 terre
728 2221 885 2266 jacentes
903 2220 936 2254 in
956 2220 1066 2255 crofta
1086 2219 1211 2254 Sancte
1231 2219 1337 2254 Anne
1362 2219 1453 2254 inter
1471 2225 1581 2254 terras
1599 2232 1675 2266 pre-

940 2290 958 2308 D
