1922 2764
159 1447 215 1481 56.

257 300 327 335 206
680 295 1010 332 MUNIMENTA
1036 292 1295 329 FRATRUM

257 409 369 443 vicum
388 420 433 443 ex
450 413 548 454 parte
567 406 771 442 occidentali
788 415 797 442 l
814 412 848 441 et
867 406 911 452 ibj
932 405 1043 439 (lictus
1073 403 1264 438 Duncanus
1288 402 1321 436 in
1344 401 1500 436 manibus
1518 400 1618 434 vuius
1645 400 1714 434 bal-

257 469 402 504 liuorum
424 468 560 515 Moricij
581 467 732 514 Eugenij
753 466 946 513 resignauit
963 466 1050 500 duos
1070 464 1197 498 solidos
1221 463 1324 509 annuj
1353 462 1510 496 redditus
1530 461 1714 496 soluendos

257 530 430 565 annuatim
472 529 551 570 Qua
565 528 805 576 resignacione
826 528 873 562 sic
900 527 989 561 facta
1008 525 1119 559 dictus
1139 523 1316 558 Moriceus
1334 523 1482 557 balliuus
1501 522 1597 556 dedit
1623 521 1716 556 saisi-

257 604 334 625 nam
353 596 554 637 perpetuam
573 590 607 624 in
628 589 720 624 dicto
738 593 938 623 tenemento
957 587 1000 621 de
1020 585 1120 620 dictis
1147 585 1280 619 duobus
1310 584 1428 619 solidis
1453 583 1555 630 annuj
1584 583 1716 627 reditus
1760 566 1801 633 fs(

260 651 422 686 Wilelmo
449 651 598 685 Browne
620 650 690 684 Sub
710 648 819 694 Priorj
841 646 1080 682 conuentualis
1107 645 1304 692 monasterij
1333 645 1492 680 Fratrum
1522 644 1718 679 Predicato-

260 725 333 746 rum
362 711 395 745 in
427 711 593 757 Glasgow
611 723 674 757 pro
702 709 771 744 suis
798 708 1015 743 oracionibus
1044 713 1079 742 et
1108 706 1280 753 suffragiis
1309 707 1560 753 imperpetuum
1606 706 1717 752 Super

260 773 385 819 quibus
411 771 518 819 pecijt
542 771 720 818 predictus
743 769 924 803 Wilelmus
944 768 1092 802 Browne
1114 768 1184 802 Sub
1205 767 1303 802 Prior
1321 779 1340 801 a
1357 779 1410 801 me
1429 766 1564 801 notario
1580 765 1719 813 publico

261 833 322 880 sibj
339 833 412 879 fierj
431 833 695 866 instrumentum
733 830 824 864 Acta
843 835 942 863 erant
955 828 1021 862 hec
1039 828 1128 874 apud
1147 827 1321 874 predictas
1339 833 1451 861 terras
1491 826 1537 861 Et
1555 826 1597 861 ad
1616 826 1718 860 maio-

261 907 332 929 rem
363 893 496 928 roboris
526 892 720 926 firmitatem
752 890 901 936 sigillum
933 889 1031 935 officij
1065 889 1147 923 dicti
1182 888 1284 935 burgi
1317 887 1536 935 presentibus
1567 887 1714 937 appendj

260 955 419 989 fecerunt
437 966 550 988 coram
568 952 633 999 hijs
652 952 799 987 testibus
819 950 965 985 Findlao
993 949 1188 984 Macchaell
1213 949 1340 996 juniorj
1387 948 1543 983 Roberto
1571 940 1720 982 B'risoun

265 1015 426 1050 Wilelmo
446 1013 626 1060 Campbell
670 1011 868 1059 Nycholaio
888 1011 1034 1046 Rannee
1054 1017 1089 1045 et
1106 1010 1266 1046 Johanne
1288 1009 1476 1044 Kailborne
1496 1009 1622 1043 cliente
1645 1021 1720 1043 cum

263 1076 378 1111 multis
408 1075 482 1122 alijs
514 1096 520 1101 -
552 1075 725 1121 Magistro
759 1073 914 1108 Waltero
949 1072 1103 1107 Steward
1134 1071 1261 1106 elerico
1295 1070 1542 1106 Sanctiandree
1574 1069 1721 1114 diocesis

264 1137 397 1171 notario
415 1135 553 1183 publico

267 1318 553 1364 Transsumptum
573 1317 878 1352 instrumentorum
900 1317 943 1351 de
963 1322 1109 1362 quatuor
1128 1315 1246 1350 solidis
1265 1315 1299 1349 in
1320 1315 1421 1362 Bwyt

267 1411 316 1478 In
337 1443 405 1489 Dej
438 1442 576 1476 nomine
597 1442 711 1476 Amen
756 1440 828 1476 Per
855 1441 920 1476 hoc
947 1441 1211 1475 instrumentum
1239 1447 1355 1488 pateat
1382 1442 1472 1488 quod
1500 1454 1590 1476 anno
1615 1442 1725 1477 incar-

269 1503 421 1537 nacionis
452 1502 636 1537 Dominice
671 1502 851 1536 millesimo
890 1502 1168 1548 quingentesimo
1200 1502 1450 1538 secundosdie
1478 1515 1561 1537 vero
1591 1503 1724 1538 decimo

268 1570 389 1599 octauo
407 1563 535 1598 mensis
554 1563 765 1597 Nouembris
781 1571 790 1599 Ι
805 1563 840 1596 in
859 1562 995 1609 meique
1014 1562 1136 1609 uotarij
1158 1562 1284 1609 publicj
1305 1569 1340 1597 et
1359 1563 1496 1597 testium
1518 1564 1725 1610 subscripto-

268 1637 341 1659 rum
376 1624 557 1671 presencia
590 1623 821 1670 personaliter
852 1623 1059 1658 constitutus
1090 1623 1260 1657 discretus
1291 1623 1344 1657 vir
1374 1623 1497 1658 Frater
1530 1624 1725 1658 Willelmus

268 1686 433 1720 Brounne
450 1694 458 1721 l
474 1698 562 1720 vnus
580 1685 739 1719 Fratrum
762 1685 1020 1719 Predicatorum
1040 1684 1083 1718 de
1106 1683 1250 1731 Glasgw
1267 1697 1306 1719 ac
1336 1691 1539 1731 procurator
1570 1685 1724 1720 eiusdem

268 1746 333 1780 loci
351 1746 521 1782 [accessit
540 1745 581 1780 ad
606 1745 819 1792 presenciam
848 1745 982 1792 prouidj
1010 1751 1045 1779 et
1063 1745 1301 1792 circumspectj
1322 1745 1385 1779 viri
1405 1746 1561 1792 magistri
1582 1746 1728 1781 Roberti

271 1807 479 1854 Abernethy
497 1807 643 1842 rectoris
663 1807 822 1842 Ecclesie
842 1807 951 1841 Beate
972 1807 1085 1841 Marie
1105 1807 1138 1840 in
1160 1806 1278 1853 Rosay
1297 1819 1336 1841 ac
1356 1807 1520 1841 Officialis
1539 1807 1726 1842 insularum

269 1868 312 1902 de
333 1868 401 1902 But
419 1875 454 1902 et
475 1868 588 1902 Arran
607 1877 615 1904 l
632 1868 665 1902 in
686 1881 747 1902 suo
765 1868 841 1902 loco
860 1867 1087 1902 consistoriali
1107 1868 1196 1902 infra
1210 1867 1402 1902 Ecclesiam
1422 1868 1611 1914 predictam
1626 1869 1727 1903 solito

271 1934 305 1963 et
323 1934 489 1963 consueto
504 1929 657 1963 sedentis
677 1929 709 1963 in
727 1929 857 1976 judicio
901 1928 948 1963 Et
966 1928 1092 1962 ibidem
1111 1928 1203 1963 idem
1222 1928 1344 1962 Frater
1366 1928 1560 1963 Willelmus
1585 1942 1728 1976 presen-

271 1988 356 2022 tauit
375 1989 512 2023 nomine
532 1995 567 2023 et
586 2001 630 2023 ex
656 1995 754 2035 parte
786 1989 867 2024 dicti
894 1989 960 2023 loci
979 1989 1072 2023 dicto
1093 1989 1238 2024 Officiali
1266 1989 1410 2036 quedam
1439 1989 1667 2025 instrumenta
1685 1991 1728 2026 dc

271 2048 472 2094 quibusdam
503 2049 624 2083 annuis
656 2049 848 2084 redditibus
878 2050 1030 2084 fundatis
1049 2056 1086 2084 et
1103 2050 1276 2084 concessis
1307 2063 1369 2096 per
1399 2051 1618 2086 honorabiles
1636 2051 1728 2087 viros

272 2108 363 2142 dicto
381 2108 457 2142 loco
472 2115 507 2143 et
525 2110 711 2143 conuentui
730 2110 879 2159 ciuitatis
897 2109 1129 2156 Glasguensis
1147 2110 1236 2145 infra
1253 2111 1399 2157 burgum
1420 2117 1455 2146 et
1472 2112 1666 2147 libertatem
1686 2113 1728 2148 de

275 2167 392 2213 Rosay
410 2175 512 2214 prout
539 2169 675 2214 plenius
694 2170 727 2203 in
758 2170 996 2205 instrumentis
1026 2171 1227 2218 subscriptis
1256 2172 1477 2209 continetur!
1495 2172 1575 2214 Que
1603 2173 1729 2208 instru-

273 2234 388 2262 menta
418 2235 455 2262 ut
485 2228 679 2264 luculenter
697 2230 798 2264 michi
830 2231 963 2265 notario
997 2232 1191 2278 subscripto
1210 2233 1413 2267 constabant
1431 2246 1508 2268 esse
1539 2234 1665 2281 scripta
1695 2241 1730 2269 et

275 2288 409 2334 signata
426 2300 487 2334 per
506 2288 691 2323 discretum
710 2289 820 2324 virum
839 2291 1040 2336 magistrum
1061 2292 1243 2327 Valterum
1264 2293 1411 2328 Stewart
1429 2294 1596 2328 notarium
1620 2295 1728 2341 publi-

275 2362 351 2383 cum
370 2355 405 2383 et
423 2349 571 2395 sigillata
602 2350 715 2396 sigillo
734 2351 832 2385 officii
862 2351 942 2397 dictj
974 2352 1074 2398 burgi
1119 2352 1224 2387 Vnde
1254 2353 1364 2388 dictus
1393 2354 1515 2389 Frater
1536 2355 1728 2390 Willelmus
