1922 2764
819 232 1046 267 TABULA.
1573 236 1661 270 'xcix

284 371 324 399 iii.
346 357 432 400 Cal-te.
455 370 575 399 Walteri
599 370 724 408 episcopi
742 370 937 408 Glasguiensis
951 370 986 399 de
1008 371 1107 399 eodem
1122 386 1127 392 ·
1143 372 1184 408 (A.
1200 380 1226 399 D.
1246 372 1384 401 1208—12.
1402 381 1427 399 D.
1447 373 1528 401 1218.
1590 333 1662 355 PAGG'

379 444 412 462 ecc
428 433 513 462 Libro
532 433 630 462 Sancte
646 433 735 461 ,Μανία
748 433 782 461 de
796 433 904 465 Illelros,
920 438 938 460 t.
954 434 972 460 i.
984 443 1031 470 pp.
1046 433 1090 465 37,
1107 433 1168 470 38.)
1261 453 1268 460 .
1346 456 1351 461 .
1431 456 1436 461 .
1519 457 1523 461 .
1607 435 1663 464 236

273 496 324 525 iiii.
348 497 456 524 Littere
471 496 686 525 communitatis
702 496 888 533 Glasguensis
902 496 937 524 de
952 495 1166 524 inheredatione
1183 496 1293 524 Thome
1304 496 1376 524 dicti
1387 496 1422 524 de
1436 498 1527 525 Aula-

378 559 409 595 (8
425 559 554 587 Octobris
572 559 653 588 1325.
674 569 707 587 οφ
722 559 806 587 Libro
823 558 923 587 Sancte
938 559 1030 586 Marie
1043 558 1075 586 (Ze
1089 558 1199 590 Meli-os,
1216 563 1232 585 ι.
1246 559 1272 585 ii.
1283 569 1313 596 p.
1328 558 1406 593 356.)
1438 578 1445 585 .
1524 581 1528 586 .
1609 560 1663 590 237

293 631 317 649 v.
341 621 481 649 Vendicio
496 621 653 650 tenementi
670 620 792 649 Donaldi
810 620 976 657 Taylyhour
990 620 1020 648 in
1034 624 1115 657 parte
1137 620 1257 648 australi
1271 620 1328 648 vici
1351 620 1400 657 qui
1423 620 1529 648 (licitur

361 712 363 714 ,
382 684 560 712 Ratownraw
574 699 579 704 ·
594 684 648 721 (14
663 684 680 712 J
684 683 744 711 unii
762 684 844 711 1410.
866 684 970 711 abbrev.
984 692 1017 710 ex
1031 687 1116 719 autoy.
1132 683 1159 710 in
1173 682 1272 710 archiv.
1294 683 1368 710 Univ.
1386 682 1495 719 Glasy.)
1527 705 1531 710 .
1610 683 1664 712 23?

285 745 319 773 vi.
343 746 569 773 Instrumentum
595 746 630 774 de
656 750 818 774 tenemento
843 745 952 773 domini
979 745 1088 773 Thome
1114 745 1270 773 Marschell
1294 745 1407 782 jacente
1433 754 1530 772 versus

380 807 498 835 Portam
516 807 678 836 Subdecani
693 807 769 835 inter
782 807 809 835 le
825 808 1012 844 Gyrthburne
1024 812 1053 835 et
1066 807 1092 835 le
1108 808 1255 845 Dreggate
1270 823 1276 828 -
1293 808 1344 844 (16
1361 807 1530 835 Novembris

382 869 461 897 1410.
482 870 590 897 abbrev.
606 879 639 897 ea:
652 875 740 906 auto-q.
754 871 782 897 in
796 869 895 897 archiv.
917 870 994 897 Univ.
1011 869 1118 906 Glasgs.)
1180 892 1185 896 .
1267 891 1272 896 .
1352 890 1358 896 .
1439 891 1444 896 .
1525 892 1530 896 .
1610 870 1666 897 238

273 932 320 960 vii.
342 931 502 961 Concordia
516 941 600 969 super
613 932 760 960 mansione
775 932 883 960 domini
900 933 1039 960 Johannis
1050 932 1085 960 de
1102 932 1217 969 Dalgles
1232 933 1261 959 in
1272 932 1335 960 vico
1350 932 1384 960 de
1402 933 1533 960 Ratown-

380 1004 436 1022 raw
451 1009 456 1013 ·
472 995 503 1032 (9
520 994 671 1022 Februarii
688 994 807 1024 1417-8.
827 996 933 1022 abbrev.
951 1004 984 1022 ez·
997 1000 1086 1032 aucoq.
1100 996 1129 1022 in
1142 995 1242 1023 archiv.
1266 995 1340 1023 Unio.
1358 995 1464 1031 Glasgy.)
1526 1017 1529 1020 .
1612 994 1668 1022 23ss

264 1058 324 1086 viii.
349 1059 576 1086 Instrumenturn
589 1057 766 1086 vendicionis
786 1057 944 1085 tenementi
960 1057 1098 1085 Willelmi
1120 1058 1138 1086 J
1141 1057 1260 1086 ohannis
1275 1074 1280 1079 ·
1297 1057 1345 1094 (21
1363 1058 1531 1086 Decembris

383 1121 464 1149 1418.
484 1122 588 1149 abbrev.
603 1130 636 1148 eft:
648 1125 737 1158 autoy.
754 1121 782 1148 in
796 1120 897 1148 arcbz'v.
920 1121 995 1148 L'm'v.
1014 1120 1120 1157 Glasq.)
1183 1142 1189 1147 .
1269 1142 1274 1147 .
1354 1141 1359 1146 .
1440 1142 1445 1147 .
1528 1142 1532 1146 .
1612 1120 1667 1147 2:55)

286 1185 321 1212 ix.
345 1184 571 1212 Instrumentum
582 1183 671 1212 annui
682 1183 811 1211 redditus
822 1183 856 1210 de
868 1187 1031 1211 tenemento
1045 1183 1164 1211 Roberti
1174 1183 1294 1220 Wrycht
1305 1198 1310 1203 -
1322 1183 1353 1220 (S
1366 1182 1439 1210 Maii
1451 1183 1531 1210 1419.

381 1248 483 1274 abbrev.
497 1256 530 1274 ez
543 1251 630 1283 azctoy.
646 1247 675 1274 in
688 1245 788 1274 archiv.
813 1246 889 1274 Unic.
908 1245 1015 1282 Glasq.)
1104 1268 1109 1272 .
1188 1267 1194 1273 .
1274 1265 1280 1271 .
1359 1267 1364 1272 .
1443 1267 1448 1271 .
1527 1267 1531 1272 .
1612 1245 1667 1272 240

294 1319 319 1336 x.
342 1308 447 1344 Quieta.
461 1307 598 1336 clamacio
615 1308 755 1336 Johannis
772 1308 874 1344 Smyth
889 1307 923 1335 de
939 1308 1030 1335 tribus
1044 1307 1121 1335 rodis
1135 1312 1210 1335 terre
1225 1307 1393 1344 campestris
1408 1317 1492 1344 super
1506 1307 1532 1334 le

381 1370 484 1399 Crukis
501 1370 618 1398 Knowis
633 1386 638 1391 ·
655 1370 704 1407 (31
721 1369 854 1398 Januarii
868 1370 1007 1398 1419-00.
1029 1370 1134 1397 abbrev.
1145 1379 1177 1397 ιη’
1190 1375 1278 1407 aatoy.
1292 1371 1320 1397 in
1334 1369 1434 1397 archiv.
1456 1370 1533 1396 [biv.

388 1434 498 1471 Glasgy.)
580 1453 586 1459 .
664 1453 671 1460 .
750 1455 758 1459 .
837 1455 843 1461 .
927 1454 932 1459 .
1014 1453 1020 1459 .
1099 1454 1104 1459 .
1183 1454 1188 1459 .
1269 1454 1274 1459 .
1354 1452 1359 1457 .
1440 1453 1445 1458 .
1527 1453 1533 1457 .
1613 1431 1668 1458 240

286 1498 323 1525 xi.
345 1497 432 1526 Carta
448 1496 569 1524 Patricii
585 1497 608 1524 F
611 1496 727 1533 lemyng
738 1496 772 1524 de
787 1495 986 1533 Kyrkmychel
1000 1495 1035 1523 de
1050 1494 1215 1532 quindecim
1230 1493 1327 1522 solidis
1341 1493 1429 1521 annui
1444 1493 1536 1521 reddi-

362 1566 408 1589 tus
423 1561 458 1588 de
473 1560 593 1588 diuersis
604 1560 776 1588 tenementis
790 1559 820 1587 in
831 1559 950 1587 ciuitate
964 1558 1133 1595 Glasguensi
1151 1571 1155 1576 ·
1172 1558 1222 1594 (29
1239 1558 1257 1585 J
1260 1557 1311 1585 ulii
1325 1557 1406 1584 1421.
1426 1558 1533 1584 abbrev.

362 1634 395 1651 ez
408 1629 496 1661 amoq.
512 1625 541 1651 in
555 1623 654 1651 archiv.
677 1623 754 1651 Univ.
774 1622 882 1660 Glasgy.)
922 1644 927 1650 .
1007 1641 1014 1648 .
1092 1641 1098 1648 .
1179 1642 1185 1648 .
1266 1643 1272 1648 .
1352 1640 1358 1646 .
1438 1642 1444 1647 .
1527 1642 1532 1647 .
1612 1619 1666 1646 241

277 1686 324 1714 xii.
347 1685 487 1714 Vendicio
501 1685 589 1714 annui
603 1685 732 1713 redditus
747 1685 781 1713 de
796 1688 959 1713 tenemento
973 1684 1082 1712 Thome
1099 1683 1252 1711 Patrikson
1263 1691 1298 1710 ex
1312 1686 1391 1720 parte
1403 1682 1533 1710 orientali

383 1748 450 1776 Vici
466 1748 620 1776 Fullonum
635 1763 641 1769 -
658 1748 709 1785 (27
723 1747 805 1776 Junii
820 1747 902 1775 1422.
916 1748 1022 1775 abbrev.
1033 1756 1066 1774 cx
1079 1752 1170 1783 autoy.
1181 1747 1210 1773 in
1221 1745 1320 1773 archiv.
1336 1745 1414 1772 Unir.
1430 1744 1536 1781 Οἴαξ-(χ.)
1614 1744 1669 1771 242

268 1811 328 1839 xiii.
354 1811 582 1839 Instrumentum
595 1810 704 1838 domini
721 1810 864 1847 Nicholaij
883 1810 958 1838 Wan
972 1818 1057 1846 super
1071 1812 1234 1837 tenemento
1245 1807 1275 1835 in
1289 1808 1314 1835 le
1331 1806 1451 1844 Drygait
1467 1823 1472 1828 -
1485 1806 1535 1842 (26

386 1872 563 1910 Septembris
581 1873 663 1900 1424.
683 1873 791 1900 abbrev.
806 1882 839 1900 ea:
852 1877 938 1909 azotos).
954 1873 983 1899 in
996 1871 1097 1899 archiv.
1120 1871 1195 1898 Univ.
1214 1869 1321 1907 Glasy.)
1361 1890 1366 1896 .
1446 1891 1450 1896 .
1529 1890 1534 1895 .
1613 1868 1668 1895 242

259 1937 332 1965 xiiii.
354 1936 533 1973 Composicio
547 1945 631 1973 super
645 1938 809 1964 tenemento
824 1934 963 1962 Wiuelmi
988 1933 1121 1961 Nicholai
1144 1941 1179 1960 ex
1200 1935 1280 1969 parte
1302 1930 1404 1959 boriali
1418 1930 1475 1958 vici
1500 1930 1534 1958 de

387 1999 566 2027 Ratownraw
581 2015 586 2020 -
601 1999 652 2036 (14
669 1997 777 2035 Aprilis
794 1997 876 2025 1425.
895 1998 1002 2024 abbrev.
1018 2006 1050 2023 ex
1064 2000 1151 2032 ccutogt.
1165 1996 1194 2021 in
1207 1994 1307 2022 archiv.
1331 1993 1406 2021 Univ.
1425 1992 1529 2029 Glasq.)
1609 1992 1664 2020 243

279 2071 324 2090 xv.
347 2062 575 2090 Instrumentum
590 2060 747 2089 tenementi
762 2059 907 2088 Malcolmi
932 2059 1066 2096 Lytstare
1087 2058 1117 2086 iu
1131 2058 1195 2086 vico
1213 2058 1317 2086 Sancte
1341 2058 1444 2085 Tenew
1459 2073 1464 2078 -
1480 2057 1531 2093 (28

387 2124 519 2153 Octobris
536 2124 618 2152 1426.
640 2125 749 2152 abbrev.
764 2133 797 2151 ex
810 2127 900 2160 autoy.
915 2123 944 2150 in
958 2121 1056 2150 archiv.
1079 2122 1154 2150 Univ.
1172 2120 1282 2158 Glasss.)
1360 2143 1365 2148 .
1444 2142 1450 2148 .
1529 2142 1534 2147 .
1612 2120 1669 2147 244

270 2188 327 2216 xvi.
350 2188 576 2215 Instrumentum
589 2185 767 2214 vendicionis
788 2189 852 2213 octo
872 2184 961 2221 riggis
983 2188 1058 2212 terre
1080 2183 1248 2221 campestris
1266 2192 1350 2220 super
1366 2182 1513 2220 Kyncleth
1529 2197 1533 2202 ·

387 2249 438 2285 (16
454 2248 625 2277 Novembris
641 2248 723 2276 1426.
745 2248 853 2275 abbrev.
867 2257 901 2274 ecc
914 2251 1001 2284 autoy.
1016 2247 1045 2274 in
1057 2246 1156 2274 archiv.
1178 2246 1253 2274 Univ.
1271 2245 1376 2283 Glasy.)
1442 2266 1448 2272 .
1526 2267 1531 2272 .
1612 2245 1669 2273 244

264 2313 331 2341 xvii.
353 2311 493 2340 Vendicio
507 2319 669 2340 annuorum
682 2309 847 2339 reddituum
862 2318 897 2337 ex
911 2309 1081 2337 tenementis
1097 2307 1236 2337 Willelmi
1254 2308 1358 2345 Smyth
1371 2311 1379 2336 Ι
1395 2307 1535 2336 Johannis

937 2372 953 2389 n
