1922 2764
270 279 334 312 182
688 273 1018 310 MUNIMENTA
1046 271 1305 308 FRATRUM

267 393 302 421 et
329 398 447 421 eorum
478 385 612 419 diucius
644 384 776 419 viuenti
807 383 995 418 secundum
1026 383 1169 416 formam
1201 387 1236 416 et
1267 380 1499 415 conditionem
1531 379 1726 425 hujusmodi

268 446 486 482 instrumenti
505 459 567 493 per
587 452 714 480 terram
734 452 769 480 et
797 445 929 492 lapides
956 443 1096 478 tradidit
1120 463 1126 468 -
1152 442 1263 489 Super
1292 441 1415 488 quibus
1444 440 1555 475 dictus
1575 439 1726 474 Thomas

270 508 366 543 Kerd
385 507 485 556 petiit
503 520 522 541 a
540 520 593 542 me
613 506 746 541 notario
765 506 903 553 publico
923 504 1117 550 subscripto
1136 502 1200 537 sibi
1229 502 1301 537 fieri
1322 502 1494 549 publicum
1520 501 1725 535 instrumen-

267 577 338 605 tum
361 591 367 597 ι
394 570 484 604 Acta
503 575 601 604 erant
619 569 652 603 in
673 569 812 603 ciuitate
835 565 1047 613 Glasguensi
1072 564 1293 612 presentibus
1311 564 1438 598 ibidem
1463 563 1617 610 prouidis
1645 562 1726 596 viris

266 632 397 668 Jacobo
431 633 578 667 Stewart
632 629 806 664 Willelmo
836 629 982 662 Stewart
1034 625 1209 660 Willelmo
1236 625 1320 659 Dun
1372 624 1517 658 Andrea
1550 623 1726 669 Scowgale

267 693 400 729 Jacobo
422 692 567 727 Henrici
608 690 734 727 Joanni
754 690 797 724 de
820 688 943 723 Hawik
986 686 1136 721 Ricardo
1152 685 1332 720 Fauconer
1374 685 1549 719 Willelmo
1566 684 1727 719 Kneland

269 754 404 788 Thoma
424 753 594 800 Scougale
622 758 657 786 et
674 751 806 787 Jacobo
825 749 958 784 Litstar
978 747 1138 794 serjando
1158 760 1233 782 cum
1254 746 1368 781 multis
1395 746 1469 780 aliis
1494 745 1725 792 burgensibus

269 815 311 849 de
343 815 477 862 Glasgv
506 811 853 848 testibuleohanne
889 809 1071 844 Michaelis
1103 808 1298 855 presbitero
1320 807 1552 854 Glasguensis
1579 806 1727 841 diocesis

269 875 402 911 notario
422 875 558 922 publico
580 895 585 900 ·

269 1058 542 1092 Instrumentum
562 1069 623 1091 sex
643 1055 829 1089 solidorum
850 1062 884 1089 et
903 1055 960 1101 viij
982 1054 1201 1088 denariorum
1232 1053 1274 1088 de
1294 1053 1426 1087 duabus
1445 1052 1539 1086 rodis
1559 1059 1729 1086 terrarum

270 1132 331 1166 per
353 1118 562 1153 Willelmum
581 1117 735 1153 Jaksone
756 1122 790 1151 et
810 1115 989 1163 Megotam
1008 1115 1162 1151 Jaksone
1185 1136 1191 1141 -

268 1213 324 1278 IN
347 1243 422 1277 Dm
442 1254 587 1277 NOMINE
609 1254 710 1276 AMEN
749 1241 816 1276 Per
835 1241 899 1276 hoc
918 1241 1183 1276 instrumentum
1211 1246 1327 1287 pateat
1345 1239 1436 1286 quod
1464 1251 1553 1274 anno
1577 1239 1730 1274 incarna-

269 1304 376 1338 cionis
404 1303 587 1338 Dominice
615 1303 797 1337 millesimo
842 1315 921 1337 cccc
972 1302 1082 1336 lxviii⁰
1111 1302 1166 1336 die
1186 1314 1270 1336 uero
1291 1301 1457 1335 Mercurii
1477 1300 1585 1335 xxvii³
1603 1300 1731 1335 mensis

268 1365 351 1401 Julii
397 1364 436 1398 In
456 1364 522 1399 mei
542 1364 664 1410 notarij
686 1363 814 1410 publici
833 1369 869 1398 et
886 1363 1025 1398 testium
1046 1363 1317 1410 subscriptorum
1342 1362 1524 1409 presencia
1543 1361 1730 1409 personali-

269 1433 321 1461 ter
341 1425 552 1460 constitutus
571 1424 754 1471 religiosus
774 1424 825 1458 vir
846 1424 968 1459 Frater
989 1424 1161 1458 Iohannes
1182 1424 1285 1458 Mure
1307 1423 1405 1458 Prior
1424 1424 1544 1458 domus
1572 1423 1730 1457 Fratrum

271 1486 531 1521 Predicatorum
551 1486 675 1520 situate
696 1486 784 1520 infra
802 1485 976 1520 ciuitatem
1000 1485 1256 1531 Glasguensem
1278 1498 1353 1519 cum
1374 1497 1541 1532 expresso
1560 1496 1731 1518 consensu

270 1555 305 1582 et
323 1560 464 1582 assensu
484 1553 675 1582 conuentus
691 1547 845 1581 eiusdem
861 1546 1036 1581 assedauit
1052 1546 1140 1581 etad
1159 1546 1250 1580 feodi
1271 1546 1400 1580 firmam
1416 1545 1544 1579 dimisit
1566 1566 1571 1571 -
1595 1557 1729 1579 necnon

269 1622 331 1656 pro
349 1614 519 1656 perpetuo
538 1621 556 1643 a
575 1621 611 1642 se
631 1614 666 1642 et
681 1608 750 1642 suis
766 1608 1022 1642 successoribus
1037 1607 1202 1642 alienauit
1224 1628 1229 1633 -
1252 1607 1337 1641 duas
1353 1607 1453 1641 rodas
1468 1612 1561 1641 terre
1578 1618 1730 1641 mensur-

269 1670 374 1704 andas
394 1676 430 1704 ut
449 1669 552 1703 moris
571 1675 624 1703 est
642 1669 830 1715 burgorum
856 1668 890 1702 in
909 1668 1128 1715 longitudine
1148 1681 1223 1703 cum
1250 1667 1432 1703 latitudine
1464 1667 1507 1702 ad
1537 1667 1731 1701 huiusmodi

269 1730 439 1765 edificium
471 1730 706 1777 respondente
736 1730 892 1776 jacentes
924 1729 957 1763 in
991 1729 1081 1764 dicta
1112 1729 1252 1764 ciuitate
1288 1729 1501 1776 Glasguensi
1533 1729 1566 1762 in
1595 1728 1732 1763 venella

270 1791 444 1838 wlgariter
464 1796 584 1826 vocata
615 1791 646 1825 le
681 1790 780 1825 Freir
810 1790 928 1837 W'ynd
958 1790 993 1824 in
1026 1796 1101 1824 orto
1133 1790 1301 1825 dictorum
1335 1790 1495 1824 Fratrum
1526 1789 1732 1824 occidentali

272 1865 314 1887 vo
335 1881 341 1886 .
371 1880 379 1887 .
409 1879 415 1887 .
436 1858 472 1887 to
490 1858 709 1899 computante
730 1857 764 1886 et
782 1851 966 1886 inchoante
985 1864 1005 1886 a
1022 1851 1149 1898 gabulo
1169 1851 1374 1885 occidentali
1393 1850 1535 1898 parietis
1553 1850 1680 1896 lapidei
1698 1850 1732 1884 in

272 1914 427 1960 predicta
446 1913 610 1948 venella-
638 1912 811 1947 Willelmo
837 1912 1015 1948 Jaksoune
1046 1912 1213 1958 burgensi
1244 1918 1279 1946 et
1312 1911 1456 1958 Megote
1486 1911 1640 1947 Jaksone
1672 1924 1733 1946 sue

274 1975 372 2009 uxori
409 1975 597 2010 Tenendas
613 1980 646 2009 ct
666 1974 841 2009 habendas
859 1974 1033 2021 predictas
1049 1974 1132 2008 duas
1148 1973 1249 2008 rodas
1264 1979 1357 2008 terre
1377 1985 1452 2007 cum
1468 1973 1625 2007 omnibus
1644 1985 1732 2007 com-

272 2035 493 2070 moditatibus
520 2042 556 2070 et
581 2035 791 2070 aisiameutis
819 2034 887 2069 suis
919 2035 1181 2081 quibuscunque
1213 2034 1313 2069 dictis
1334 2033 1509 2068 Willelmo
1538 2033 1669 2070 Jakson
1699 2040 1734 2068 et

272 2095 418 2142 Megote
436 2096 623 2131 heredibus
643 2096 713 2130 suis
733 2103 767 2131 et
786 2096 856 2130 suis
883 2095 1067 2142 assignatis
1094 2108 1113 2130 a
1131 2095 1232 2130 dictis
1260 2095 1380 2129 Priore
1400 2100 1436 2129 et
1453 2101 1629 2129 conuentu
1656 2107 1733 2129 nec-

271 2168 339 2190 non
360 2155 429 2190 suis
456 2156 714 2191 successoribus
746 2157 803 2203 qui
834 2169 896 2203 pro
928 2162 1084 2203 tempore
1114 2156 1245 2191 fuerint
1276 2156 1308 2190 in
1340 2155 1443 2190 feodo
1475 2162 1510 2190 et
1539 2155 1732 2191 hereditate

271 2216 514 2263 inperpetuum
562 2216 757 2252 Reddendo
776 2217 856 2251 inde
876 2217 1051 2251 annuatim
1070 2217 1113 2251 ad
1132 2216 1218 2251 duos
1237 2216 1317 2251 anni
1337 2216 1502 2251 terminos
1521 2222 1704 2251 consuetos
1726 2237 1730 2242 -

272 2277 403 2311 scilicet
425 2297 430 2302 ·
454 2276 559 2311 Festa
576 2276 791 2311 Pentieostes
806 2283 841 2311 et
858 2277 973 2312 Sancti
990 2277 1135 2312 Martini
1151 2277 1184 2311 in
1202 2290 1302 2323 yeme
1318 2290 1380 2324 per
1395 2277 1536 2324 equales
1550 2277 1732 2324 porciones

273 2350 335 2371 sex
354 2336 481 2371 solidos
500 2343 535 2371 et
554 2343 631 2371 octo
650 2337 810 2372 denarios
830 2337 957 2372 vsualis
978 2344 1115 2372 monete
1146 2338 1245 2384 regnj
1280 2338 1400 2373 Scoeie
1429 2338 1529 2373 dictis
1560 2337 1670 2372 Priori
1698 2344 1733 2371 et
