1922 2764
238 294 284 332 96
564 293 718 329 LIBER
745 294 992 331 ECCLESIE
1021 294 1360 330 COLLEGIATE

237 391 289 425 cio
307 391 363 425 die
382 404 465 426 vero
484 391 774 439 vigesimoquarto
793 393 919 427 mensis
947 392 1153 427 Decembris
1169 401 1178 429 l
1196 392 1235 426 In
1263 392 1331 426 mei
1358 392 1482 426 notarii
1509 392 1637 439 publici
1656 400 1691 427 et

236 452 373 486 testium
409 452 679 499 subscriptorum
710 453 886 500 presentia
920 451 1149 500 personaliter
1184 450 1391 486 constitutus
1425 451 1567 487 Marcus
1605 453 1687 488 Hall

236 512 390 547 existens
416 512 449 546 in
479 519 568 547 statu
595 520 631 548 et
657 513 781 548 saisina
807 513 907 547 vnius
933 512 1124 548 tenementi
1147 512 1295 559 jacentis
1321 512 1356 546 in
1384 512 1439 548 via
1465 526 1531 560 que
1558 514 1652 549 ducit
1671 528 1689 549 a

237 572 351 607 Cruce
371 573 485 608 Forali
500 574 541 608 ad
562 574 699 608 Portam
717 574 915 609 Australem
931 574 1079 608 ciuitatis
1098 573 1328 620 Glasguensis
1347 574 1438 609 inter
1452 581 1689 611 tenementum

235 634 389 680 magistri
406 634 527 670 Jacobi
551 634 758 669 Houstoune
779 647 822 669 ex
841 635 981 669 australi
1000 640 1035 668 et
1052 640 1289 668 tenementum
1318 634 1459 670 Niniani
1487 635 1688 672 Marschiall

235 707 279 728 ex
298 695 427 729 boreali
445 696 599 742 partibus
615 704 623 732 1
641 696 687 729 Et
705 695 830 730 ibidem
851 696 963 729 dictus
985 694 1124 729 Marcus
1145 694 1225 728 Hall
1255 695 1449 730 huiusmodi
1475 709 1572 731 suum
1591 704 1687 733 tene-

233 762 385 790 mentum
404 756 556 790 anterius
575 762 610 790 et
627 756 799 802 posterius
818 755 851 789 in
872 755 1026 789 manibus
1048 754 1186 789 Patricii
1206 754 1341 789 Lioune
1360 755 1460 790 vnius
1483 757 1685 792 balliuorum

232 816 381 850 ciuitatis
415 816 645 862 Glasguensis
679 828 742 862 pro
777 822 932 862 tempore
968 815 1002 849 in
1033 815 1187 849 fauorem
1221 815 1346 862 prefati
1380 816 1534 863 magistri
1564 818 1685 853 Jacobi

234 876 442 911 Houstoune
461 876 661 923 simpliciter
678 876 870 919 resignauit
885 884 894 912 l
913 876 993 916 Qua
1011 875 1245 922 resignatione
1261 876 1310 910 sic
1324 876 1412 911 facta
1429 877 1519 911 idem
1539 878 1684 913 balliuus

232 943 356 971 statum
372 944 407 972 et
425 937 582 972 saisinam
601 937 828 971 hereditarios
844 936 926 971 dicti
946 936 1136 971 tenementi
1155 942 1234 970 ante
1249 942 1284 971 et
1302 942 1396 971 retro
1414 938 1548 983 prefato
1562 940 1684 985 magis-

231 1004 284 1031 tro
301 997 432 1033 Jacobo
451 1004 486 1032 et
505 998 573 1032 suis
599 997 786 1032 heredibus
805 1003 840 1031 et
858 997 1040 1042 assignatis
1068 1009 1130 1043 per
1148 1002 1240 1031 terre
1261 1002 1295 1031 et
1316 997 1439 1043 lapidis
1464 999 1684 1034 traditionem

230 1058 436 1092 deliberauit
458 1079 463 1084 ·
488 1058 712 1092 Presentibus
726 1057 852 1092 ibidem
868 1057 1027 1092 discretis
1041 1057 1124 1092 viris
1138 1057 1284 1092 dominis
1302 1057 1450 1092 Ricardo
1467 1059 1683 1094 Otterburne

229 1118 360 1154 Jacobo
387 1119 484 1164 Gray
512 1125 547 1153 et
571 1119 730 1154 ,Iohanne
759 1118 885 1152 Foular
907 1139 913 1144 ·
938 1117 1004 1152 ET
1032 1118 1140 1153 EGO
1167 1118 1345 1153 Johannes
1374 1118 1562 1154 Moresone
1589 1133 1683 1167 pres—

229 1179 331 1225 byter
353 1179 583 1225 Glasguensis
610 1179 756 1214 diocesis
783 1179 940 1226 publicus
968 1192 1064 1213 sacra
1084 1179 1288 1214 auctoritate
1308 1179 1512 1226 Apostolica
1529 1182 1682 1216 notarius

232 1240 323 1280 Quia
344 1238 439 1286 [eta]

228 1385 298 1450 IN
326 1417 415 1451 DEI
442 1418 579 1452 nomine
600 1417 714 1451 Amen
737 1439 743 1444 -
768 1418 835 1452 Per
852 1418 917 1452 hoc
935 1417 1109 1464 publicum
1131 1418 1396 1452 instrumentum
1415 1418 1547 1452 cunctis
1566 1426 1681 1466 pateat

228 1477 319 1523 quod
334 1490 423 1511 anno
438 1478 682 1512 incarnationis
701 1478 885 1512 Dominice
904 1478 1085 1512 millesimo
1103 1478 1381 1524 quingentesimo
1400 1478 1679 1524 trigesimosexto

228 1537 283 1572 die
311 1550 394 1572 vero
422 1538 712 1584 vigesimoquarto
738 1538 866 1572 mensis
894 1537 979 1572 Maii
996 1546 1004 1574 l
1021 1538 1062 1572 In
1089 1538 1155 1572 mei
1180 1537 1304 1572 notarii
1331 1538 1458 1585 publici
1483 1544 1518 1572 et
1541 1539 1680 1573 testium

227 1598 497 1645 subscriptorum
528 1599 703 1645 presentia
732 1598 961 1644 personaliter
992 1598 1179 1632 constituta
1208 1597 1353 1643 prouida
1382 1598 1504 1632 mulier
1531 1598 1680 1633 Isabella

228 1657 365 1692 &Valcar
383 1659 452 1693 filia
470 1664 505 1693 et
522 1671 589 1693 vna
607 1659 774 1693 heredum
789 1659 960 1705 quondam
980 1658 1144 1692 Willelmi
1163 1658 1299 1692 Walcar
1317 1658 1368 1692 sui
1386 1658 1492 1704 patris
1509 1667 1518 1694 l
1534 1659 1679 1694 accessit

225 1718 268 1752 ad
295 1719 503 1765 presentiam
530 1719 739 1753 honorabilis
766 1719 830 1753 viri
853 1719 1001 1765 Georgii
1030 1718 1148 1753 Burell
1167 1718 1267 1752 vnius
1294 1718 1495 1753 balliuorum
1523 1719 1625 1765 burgi
1644 1726 1679 1754 et

226 1779 374 1814 ciuitatis
405 1779 636 1826 Glasguensis
668 1779 714 1814 Et
741 1779 889 1814 eundem
921 1778 1115 1824 Georgium
1146 1778 1273 1813 virtute
1305 1778 1358 1812 sui
1388 1778 1488 1813 officii
1518 1778 1677 1813 balliatus

225 1840 406 1886 requisiuit
424 1846 592 1886 quatenus
618 1840 725 1886 ipsam
753 1840 935 1874 Isabellam
953 1846 1113 1885 tanquam
1132 1851 1233 1873 vnam
1259 1838 1484 1873 indubitatam
1510 1839 1677 1874 heredum

225 1901 306 1935 dicti
324 1901 494 1948 quondam
515 1900 680 1935 Willelmi
704 1900 837 1935 Walcar
866 1900 917 1934 sui
943 1900 1051 1946 patris
1077 1899 1259 1934 inuestiret
1277 1905 1312 1934 et
1329 1899 1523 1934 infeodaret
1548 1900 1583 1933 in
1610 1900 1677 1934 sin—

224 1961 314 2007 gulis
340 1961 391 1995 sui
418 1961 571 2007 partibus
589 1967 758 1995 terrarum
778 1961 1020 2008 campestrium
1043 1966 1320 1994 tenementorum
1339 1966 1374 1994 et
1391 1972 1581 1994 annuorum
1600 1961 1676 1995 red-

225 2021 355 2055 dituum
375 2035 449 2056 cum
478 2022 696 2068 pertinentiis
722 2022 757 2055 in
776 2022 899 2068 quibus
918 2021 1029 2056 dictus
1050 2021 1244 2055 Willelmus
1269 2020 1419 2055 decessit
1437 2020 1555 2055 vltimo
1573 2021 1676 2056 vesti-

224 2088 279 2116 tus
298 2088 333 2116 et
351 2083 486 2117 saisitus
504 2083 593 2117 infra
610 2083 734 2117 dictam
753 2083 926 2117 ciuitatem
946 2083 1202 2129 Glasguensem
1218 2088 1253 2117 et
1267 2083 1477 2117 territorium
1496 2083 1650 2117 eiusdem
1666 2092 1675 2120 l

225 2154 269 2176 ex
289 2154 329 2176 eo
348 2143 439 2188 quod
464 2143 606 2177 inuenta
629 2143 693 2177 fuit
719 2155 781 2189 per
808 2143 1014 2190 condignam
1042 2143 1179 2177 vardam
1199 2149 1234 2177 et
1257 2144 1397 2177 assisam
1415 2143 1508 2178 curie
1528 2143 1676 2178 ciuitatis

228 2201 458 2248 Glasguensis
476 2203 567 2248 quod
589 2203 663 2249 ipsa
682 2203 829 2237 Isabella
857 2203 901 2237 sit
927 2203 1097 2249 legittima
1123 2209 1158 2237 et
1184 2203 1408 2250 propinquior
1426 2216 1493 2237 vna
1510 2203 1675 2237 heredum

224 2262 306 2296 dicti
325 2262 493 2308 quondam
516 2262 680 2296 Willelmi
700 2263 750 2297 sui
778 2263 884 2310 patris
901 2272 909 2299 l
928 2263 998 2303 Qui
1017 2275 1101 2297 vero
1123 2262 1300 2309 Georgius
1328 2262 1447 2297 Burell
1473 2263 1619 2297 balliuus
1638 2269 1675 2297 ut

225 2335 327 2369 supra
345 2322 567 2356 considerans
593 2322 786 2356 huiusmodi
812 2329 1012 2368 requestum
1030 2323 1063 2356 in
1083 2334 1120 2356 se
1139 2322 1375 2356 rationabilem
1402 2322 1511 2368 primo
1530 2322 1674 2357 accessit
