1922 2764
1628 289 1690 321 131

238 585 490 653 OMNIBUS
509 616 597 651 hanc
611 623 739 652 cartam
753 617 878 652 visuris
892 618 948 652 vel
967 617 1134 653 audituris
1151 617 1327 653 Robertus
1345 619 1491 654 Stewart
1504 620 1547 655 de
1566 620 1694 667 Mynto

235 676 431 723 prepositus
448 685 456 713 Ι
476 676 653 722 Georgius
670 677 789 712 Burell
805 684 840 712 et
857 678 1008 714 Jacobus
1025 678 1206 713 Wilsoune
1220 679 1339 713 balliui
1356 688 1364 715 Ι
1381 680 1540 714 consules
1555 687 1591 715 et
1605 694 1694 715 com-

235 737 382 772 munitas
405 736 583 784 [ciuitatis]
610 738 840 784 Glasguensis
857 748 866 775 l
884 739 1037 774 Salutem
1055 739 1089 774 in
1109 739 1262 775 Domino
1281 741 1524 788 sempiternam
1547 763 1553 768 -
1576 742 1694 779 Noue—

234 797 309 832 ritis
336 810 399 832 nos
417 798 568 832 vnanimi
587 811 758 833 consensu
777 799 810 833 in
832 800 990 834 Pretorio
1009 800 1100 835 dicte
1119 801 1268 836 ciuitatis
1287 802 1532 838 vnaniminiter
1551 816 1694 851 congre-

234 863 333 904 gatos
350 866 359 894 l
374 858 409 892 in
424 858 560 893 laudem
577 859 723 905 gloriam
738 866 773 894 et
786 860 953 895 honorem
974 862 1111 896 Summe
1126 867 1162 896 et
1180 861 1365 897 Indiuidue
1382 862 1566 898 Trinitatis
1582 864 1694 899 Patris

234 924 271 953 et
296 918 375 953 Filii
403 925 438 953 et
466 919 725 966 Spiritussancti
742 928 750 955 l
767 932 805 954 ac
832 920 1018 955 Beatarum
1045 921 1159 956 Marie
1187 934 1324 968 semper
1344 922 1504 969 Virginis
1531 930 1566 958 et
1588 924 1694 959 Anne

234 980 351 1014 matris
371 979 444 1014 eius
461 998 467 1004 ⁴
485 992 524 1014 ac
551 980 585 1013 in
612 980 928 1026 augmentationem
946 981 1055 1015 diuini
1073 981 1185 1016 cultus
1202 1000 1208 1006 ⁴
1229 988 1264 1016 et
1290 982 1325 1016 in
1352 983 1607 1029 capellanorum
1632 997 1696 1031 per

234 1040 414 1086 egregium
430 1040 540 1074 virum
555 1041 757 1086 magistrum
770 1041 793 1076 J
796 1041 939 1075 acobum
956 1041 1164 1077 Houstoune
1180 1042 1413 1077 subdecanum
1429 1044 1576 1078 ecclesie
1593 1044 1695 1079 Glas-

233 1100 377 1146 guensis
395 1100 427 1135 in
445 1113 503 1135 sua
525 1101 629 1136 Noua
646 1101 805 1135 Ecclesia
823 1101 937 1136 Marie
957 1108 992 1136 et
1009 1102 1114 1137 Anne
1134 1102 1320 1137 Beatarum
1338 1103 1518 1150 predictas
1535 1117 1597 1151 per
1616 1117 1694 1139 eum

235 1161 426 1207 sumptibus
454 1161 523 1196 suis
550 1167 586 1196 et
612 1162 775 1209 expensis
794 1174 814 1196 a
832 1162 904 1196 solo
924 1162 1081 1197 edificata
1099 1169 1296 1198 constructa
1319 1170 1478 1210 reparata
1497 1170 1532 1199 et
1551 1165 1668 1200 dotata
1684 1174 1693 1201 Ι

234 1221 323 1255 infra
349 1221 523 1256 ciuitatem
545 1222 802 1269 Glasguensem
821 1228 856 1257 et
873 1222 907 1256 in
928 1222 998 1257 Via
1026 1224 1150 1258 Sancte
1177 1224 1310 1258 Tenew
1328 1231 1526 1272 nuncupata
1544 1226 1694 1262 situata!

233 1280 452 1316 fundatorum
480 1288 516 1316 et
541 1282 626 1316 inibi
652 1282 806 1317 Domino
833 1283 914 1317 Deo
934 1282 1115 1317 Altissimo
1142 1284 1320 1331 perpetuis
1338 1285 1463 1320 futuris
1482 1286 1694 1333 temporibus

234 1341 516 1376 famulaturorum
537 1351 546 1379 Ι
568 1343 764 1377 vberiorem
791 1343 825 1377 in
852 1343 923 1378 vite
954 1344 1160 1378 necessariis
1193 1345 1480 1380 sustentationem
1502 1367 1508 1373 ·
1532 1359 1606 1380 cum
1635 1359 1694 1381 ex-

233 1415 354 1449 presso
373 1415 544 1438 consensu
561 1403 843 1438 reuerendissimi
862 1403 897 1437 in
918 1403 1059 1438 Christo
1078 1404 1184 1451 patris
1204 1411 1240 1439 et
1257 1405 1386 1440 domini
1408 1406 1538 1441 Gauini
1556 1407 1694 1441 misera-

234 1462 329 1497 tione
356 1463 474 1497 diuina
500 1463 766 1511 Archiepiscopi
796 1464 1029 1510 Glasguensis
1055 1465 1156 1511 regni
1185 1465 1306 1500 Scocie
1333 1466 1530 1500 cancellarii
1548 1475 1556 1503 l
1573 1467 1693 1514 suique

234 1523 355 1557 decani
375 1530 410 1558 et
428 1525 567 1571 capituli
586 1525 733 1559 ecclesie
756 1525 987 1571 Glasguensis
1006 1532 1148 1572 propter
1166 1526 1232 1560 hoc
1250 1526 1486 1573 capitulariter
1504 1540 1694 1574 congrega-

234 1590 346 1618 torum
369 1605 374 1610 ·
398 1585 432 1618 in
452 1598 570 1632 puram
586 1592 621 1619 et
638 1591 841 1632 perpetuam
857 1585 1069 1620 elimosinam
1086 1586 1233 1620 donasse
1251 1594 1259 1622 Ι
1275 1599 1411 1621 necnon
1433 1600 1494 1633 per
1512 1593 1693 1634 presentes

234 1644 268 1678 in
294 1657 414 1691 puram
441 1652 477 1680 et
502 1652 704 1692 perpetuam
724 1646 936 1680 elimosinam
955 1646 1038 1680 dare
1057 1647 1251 1681 concedere
1279 1652 1314 1680 et
1340 1647 1403 1681 hac
1430 1648 1583 1693 presenti
1602 1654 1695 1682 carta

233 1711 352 1739 nostra
370 1706 572 1740 confirmare
589 1714 597 1742 Ι
614 1706 696 1740 Deo
723 1706 837 1741 Marie
862 1706 1000 1752 Virgini
1019 1712 1054 1741 et
1074 1707 1180 1741 Anne
1209 1706 1326 1741 Beatis
1352 1707 1516 1753 predictis
1532 1716 1542 1743 l
1558 1720 1691 1741 necnon

234 1765 398 1812 magistro
423 1766 555 1802 Jacobo
585 1766 770 1801 Houstone
797 1767 995 1801 subdecano
1017 1767 1230 1813 Glasguensi
1259 1768 1431 1802 fundatori
1457 1768 1613 1813 predicto
1630 1776 1638 1803 l
1654 1780 1693 1802 ac

234 1832 311 1860 octo
330 1827 516 1873 capellanis
534 1827 619 1861 inibi
636 1840 699 1874 per
718 1840 795 1862 eum
816 1827 896 1862 Deo
915 1827 1092 1874 perpetuis
1109 1827 1234 1861 futuris
1252 1827 1463 1873 temporibus
1481 1827 1693 1862 famulaturis

233 1886 384 1921 fundatis
404 1893 439 1921 et
456 1887 624 1933 impositis
641 1906 646 1912 ·
667 1893 756 1922 totas
771 1893 806 1922 et
821 1887 975 1933 integras
994 1887 1069 1920 illas
1090 1886 1263 1920 sexdecim
1284 1898 1379 1920 acras
1399 1892 1565 1920 terrarum
1584 1887 1693 1921 nostri

234 1946 328 1981 Mori
346 1947 534 1982 Furcarum
553 1948 701 1994 jacentis
720 1961 765 1982 ex
783 1954 881 1994 parte
900 1947 1059 1981 orientali
1077 1947 1168 1980 dicte
1187 1945 1335 1980 ciuitatis
1353 1946 1544 1991 vulgariter
1562 1959 1692 1981 nuncu-

233 2007 304 2054 pati
320 2015 329 2043 Ι
346 2007 424 2041 The
446 2007 673 2042 Gallovmure
691 2017 699 2043 Ι
715 2020 777 2054 per
796 2020 858 2041 nos
878 2006 1004 2040 diuisas
1029 2006 1189 2040 limitatas
1214 2005 1380 2040 bondatas
1400 2012 1435 2039 et
1452 2012 1666 2041 mensuratas
1683 2016 1692 2043 Ι

234 2067 417 2114 vnicuique
437 2068 691 2114 capellanorum
711 2067 945 2114 predictorum
964 2072 1000 2100 et
1018 2065 1088 2099 suis
1115 2065 1372 2099 successoribus
1390 2066 1475 2099 duas
1497 2066 1577 2101 inde
1596 2079 1692 2102 acras

233 2127 485 2174 imperpetuum
506 2128 761 2162 distribuendas
781 2133 816 2161 et
833 2126 1060 2172 assignandas
1087 2125 1277 2159 secundum
1296 2125 1509 2160 voluntatem
1527 2133 1562 2161 et
1580 2127 1693 2174 dispo—

234 2188 394 2222 sitionem
418 2188 500 2222 dicti
527 2188 683 2234 magistri
704 2187 827 2223 Jacobi
843 2195 851 2222 Ι
867 2192 970 2232 prout
992 2186 1110 2231 jacent
1135 2186 1170 2219 in
1197 2185 1414 2231 longitudine
1433 2192 1469 2221 et
1486 2187 1666 2222 latitudine
1684 2198 1693 2225 Ι

237 2248 392 2288 Quarum
412 2248 587 2282 sexdecim
606 2259 761 2281 acrarum
780 2252 857 2280 octo
879 2258 957 2280 acre
981 2245 1100 2291 jacent
1126 2257 1171 2279 ex
1196 2251 1294 2292 parte
1322 2247 1462 2280 australi
1490 2247 1572 2282 dicti
1598 2247 1693 2282 Mori

235 2307 397 2354 contigue
429 2314 592 2354 protense
620 2307 710 2341 inter
736 2313 847 2340 terras
875 2306 917 2339 de
946 2305 1174 2339 Borrowfeild
1201 2318 1246 2339 ex
1273 2306 1413 2340 australi
1441 2312 1476 2341 et
1502 2308 1692 2343 Commune
