1922 2764
238 246 303 277 150
657 242 984 278 MUNIMENTA
1014 242 1271 278 FRATRUM

233 352 299 386 nisi
325 336 388 399 per
415 351 532 386 sedem
560 352 780 399 apostolicam
809 353 864 387 uel
892 365 954 399 per
981 357 1246 386 conseruatores
1265 351 1308 385 ab
1327 363 1368 385 ea
1385 350 1484 384 uobis
1502 355 1561 384 aut
1579 349 1692 383 ordini

233 413 346 447 eidem
365 412 549 460 deputatos
572 434 577 439 -
602 413 700 447 Nulli
715 426 801 460 ergo
816 413 954 447 omnino
972 411 1147 446 hominum
1166 411 1269 445 liceat
1287 410 1374 445 hanc
1392 410 1553 458 paginam
1573 415 1691 444 nostre

232 473 450 508 inhibicionis
469 473 661 520 infringere
678 482 686 509 Ι
702 474 759 509 uel
779 474 810 508 ei
829 486 911 508 ausu
931 471 1116 507 temerario
1131 471 1304 506 contraire
1327 492 1333 498 ·
1359 471 1394 506 Si
1409 471 1485 518 quis
1499 477 1614 505 autem
1628 469 1693 504 hoc

233 540 437 581 attemptare
465 534 715 581 presumpserit
749 533 1027 579 indignacionem
1063 532 1309 579 omnipotentis
1346 532 1415 567 Dei
1443 538 1479 567 et
1512 532 1691 566 beatorum

236 594 330 629 Petri
359 600 394 629 et
423 594 520 629 Pauli
545 595 776 641 apostolorum
797 594 870 629 eius
902 606 938 628 se
965 592 1104 627 nouerit
1130 592 1346 627 incursurum
1369 614 1375 620 ·
1398 592 1530 627 Datum
1559 592 1691 638 Perusij

233 654 278 701 vij
479 655 561 688 Idus
679 654 763 701 Maij
848 653 1071 688 Pontificatus
1147 653 1255 700 nostrj
1424 653 1529 687 Anno
1550 653 1664 687 Primo
1686 673 1692 679 ·

235 836 337 871 Bulla
357 837 550 872 Clementis
569 849 657 883 pape
681 857 686 862 ·
711 847 767 870 1111
790 855 797 863 ·
820 835 864 870 de
884 834 1084 869 visitacione
1104 834 1326 869 ecclesiarum
1345 834 1379 868 in
1399 833 1513 869 Festis
1535 834 1693 869 Sanctor-

233 910 290 931 um
309 898 417 932 nostri
437 897 566 931 ordinis
589 918 594 923 ·
669 896 819 931 Centum
838 896 913 930 dies
932 895 1231 942 indulgenciarum
1251 895 1342 929 omni
1361 907 1451 929 anno
1473 915 1479 921 ·

234 986 490 1056 CLEMENS
512 1022 694 1068 episcopus
722 1034 843 1055 seruus
871 1033 1049 1055 seruorum
1078 1021 1148 1055 Dei
1166 1029 1174 1056 l
1191 1020 1342 1055 Dilectis
1366 1020 1445 1067 filijs
1465 1042 1470 1047 -
1495 1041 1500 1046 ·
1522 1020 1694 1067 Magistro

234 1096 272 1117 ac
304 1082 481 1116 Prioribus
513 1089 548 1117 et
579 1082 751 1116 vniuersis
783 1081 963 1116 Fratribus
991 1081 1121 1116 ordinis
1151 1081 1410 1116 Predicatorum
1439 1090 1448 1118 l
1480 1081 1631 1116 Salutem
1660 1087 1694 1115 et

234 1143 454 1190 apostolicam
486 1143 766 1178 benedictionem
800 1164 805 1169 -
842 1143 937 1177 Loca
968 1148 1162 1177 sanctorum
1195 1142 1343 1177 omnium
1378 1143 1435 1190 pia
1469 1148 1504 1177 et
1538 1148 1695 1189 prompta

234 1203 426 1239 deuocione
442 1210 523 1238 sunt
541 1216 559 1237 a
579 1203 650 1250 Xpi
670 1204 830 1238 fidelibus
850 1204 1051 1238 ueneranda
1067 1212 1075 1239 l
1092 1210 1129 1237 ut
1144 1203 1223 1237 dum
1240 1203 1309 1237 Dei
1325 1203 1530 1238 honoramus
1546 1203 1671 1237 amicos
1688 1224 1693 1229 -

233 1265 298 1312 ipsi
324 1277 388 1298 nos
413 1264 609 1299 amicabiles
637 1265 717 1299 Deo
744 1265 892 1299 reddant
915 1286 920 1290 -
944 1271 979 1299 et
1005 1264 1140 1298 illorum
1168 1264 1267 1298 nobis
1286 1264 1513 1298 uendicantes
1531 1263 1694 1310 quodam-

235 1325 334 1359 modo
361 1325 589 1372 patrocinium
617 1325 707 1372 apud
734 1325 845 1371 ipsum
864 1334 871 1361 l
889 1325 979 1371 quod
1008 1326 1130 1359 merita
1148 1331 1267 1359 nostra
1287 1337 1354 1359 non
1375 1325 1534 1359 obtinent
1551 1334 1559 1361 Ι
1576 1337 1694 1359 eornm

234 1398 427 1420 mereamur
445 1385 753 1420 intercessionibus
773 1386 931 1420 obtinere
954 1406 960 1412 -
985 1385 1179 1432 Cupientes
1197 1385 1304 1432 igitur
1320 1392 1358 1420 ut
1373 1386 1519 1421 ecclesie
1539 1386 1694 1420 locorum

234 1453 428 1481 uestrorum
457 1447 619 1493 congruis
646 1447 835 1481 honoribus
862 1447 1129 1493 frequententur
1146 1455 1154 1482 l
1172 1447 1329 1481 omnibus
1355 1459 1438 1482 uere
1457 1446 1694 1494 penitentibus

236 1514 270 1541 et
289 1507 455 1542 confessis
475 1507 530 1554 qui
551 1507 715 1542 ecclesias
743 1507 833 1554 ipsas
861 1507 894 1541 in
916 1507 1191 1542 dedicationibus
1211 1507 1361 1554 ipsarum
1379 1516 1387 1543 Ι
1405 1514 1439 1541 et
1458 1507 1695 1542 anniuersario

235 1568 490 1602 dedicationum
522 1580 637 1602 earum
670 1568 726 1602 die
758 1581 796 1602 ac
823 1580 931 1614 usque
958 1568 1000 1602 ad
1028 1574 1105 1602 octo
1133 1568 1207 1602 dies
1235 1574 1421 1615 sequentes
1442 1578 1450 1604 s
1471 1581 1537 1602 nec
1564 1580 1631 1602 non
1660 1567 1692 1601 in

236 1629 344 1663 Beate
365 1629 478 1663 Marie
499 1628 658 1675 Virginis
675 1638 683 1665 l
703 1629 906 1663 Sanctorum
925 1629 1100 1663 Dominici
1129 1629 1336 1664 confessoris
1364 1636 1399 1663 et
1425 1629 1518 1664 Petri
1546 1628 1695 1663 martiris

235 1702 273 1724 ac
301 1689 402 1724 etiam
430 1689 572 1723 aliorum
601 1695 796 1724 sanctorum
824 1689 857 1723 in
882 1702 1025 1736 quorum
1045 1690 1177 1724 honore
1196 1690 1316 1724 altaria
1335 1690 1464 1724 maiora
1481 1690 1515 1723 in
1537 1689 1694 1735 ecclesijs

234 1750 317 1797 ipsis
337 1756 416 1785 sunt
434 1756 635 1785 constructa
652 1750 899 1785 festiuitatibus
918 1763 1020 1785 causa
1038 1751 1240 1785 deuocionis
1255 1751 1504 1785 uenerabiliter
1523 1750 1695 1785 uisitarint

235 1811 277 1845 de
297 1811 544 1858 omnipotentis
563 1810 633 1845 Dei
652 1811 888 1846 misericordia
915 1818 950 1845 et
975 1811 1155 1845 beatorum
1176 1811 1269 1846 Petri
1290 1817 1325 1846 et
1345 1811 1441 1846 Pauli
1462 1811 1693 1859 apostolorum

235 1871 308 1905 eius
335 1872 539 1907 auctoritate
567 1872 686 1906 confisi
716 1871 866 1907 Centum
894 1872 968 1906 dies
994 1871 1037 1906 de
1076 1871 1240 1906 iniunctis
1268 1872 1330 1906 sibi
1358 1872 1565 1919 penitencijs
1596 1871 1694 1905 annis

235 1932 381 1978 singulis
400 1933 671 1968 misericorditer
690 1933 885 1967 relaxamus
907 1954 912 1958 -
937 1932 1066 1967 Datum
1085 1932 1217 1979 Perusij
1419 1946 1439 1967 v
1612 1932 1694 1966 Idus

238 1992 400 2027 Octobris
587 1993 811 2028 Pontificatus
989 1993 1098 2027 nostri
1276 2005 1367 2027 anno
1550 1992 1665 2026 Primo
1689 2013 1693 2017 -
