1922 2764
80 472 135 493 XV.

87 1866 155 1898 xvi.

187 169 256 199 ‘244
774 165 1053 200 APPENDIX.

190 334 460 368 Instrumentum
479 334 670 369 tenementi
691 334 868 369 Malcolmi
889 335 1054 382 Lytstare
1072 335 1106 369 in
1127 335 1202 369 vico
1224 334 1347 370 Sancte
1368 335 1500 370 Tenew
1524 357 1528 361 -

190 428 239 494 ΙΝ
260 470 405 493 Nonum:
428 458 574 494 DOMm1
608 459 722 493 Amen
754 471 816 505 per
837 459 900 493 hoc
933 460 1197 493 instrumentum
1230 464 1346 505 pateat
1375 458 1466 505 quod
1498 471 1588 492 anno
1607 459 1648 492 ab

189 519 430 554 incarnacione
444 520 598 555 eiusdem
614 520 793 554 millesimo
822 523 946 555 ccccm·
970 519 1133 554 vicesimo
1148 526 1248 554 sexto
1267 518 1394 554 mensis
1411 519 1574 554 Octobris
1593 519 1648 553 die

190 580 297 627 xxviij
343 580 381 614 In
411 580 477 615 mei
504 580 626 627 notarij
656 580 783 627 publici
812 586 847 615 et
874 580 1012 615 testium
1041 580 1310 627 subscriptorum
1329 580 1510 626 presencia
1532 600 1537 606 ·
1562 579 1650 614 Mal-

190 641 319 674 colmus
339 640 503 687 Lytstare
523 640 706 687 burgensis
726 641 768 675 de
792 641 927 687 Glasgu
950 661 955 667 ·
978 641 1136 675 vendidit
1158 662 1164 667 -
1187 640 1378 675 venerabili
1393 640 1467 675 viro
1487 641 1650 687 magistro

189 701 340 736 Johanni
362 702 508 736 Stewart
527 701 724 736 subdecano
747 701 959 748 Glasguensi
979 714 1082 736 vnum
1110 708 1346 736 tenementum
1374 701 1490 736 iacens
1514 701 1548 735 in
1569 701 1650 736 ciui-

192 769 261 796 tate
284 762 497 809 Glasguensi
527 762 561 796 in
589 774 714 808 magno
733 762 809 796 vico
841 762 1055 797 extendente
1075 774 1094 796 a
1113 762 1228 797 Cruce
1247 762 1329 796 Fori
1347 775 1469 797 versus
1489 761 1650 808 Capellas

195 822 311 857 Sancti
330 821 464 856 Thome
484 822 633 856 martiris
653 828 687 856 et
708 822 832 857 Sancte
854 822 985 857 Tanew
1005 835 1050 857 ex
1067 829 1166 870 parte
1184 823 1306 857 boriali
1326 822 1480 857 eiusdem
1498 822 1554 857 vie
1572 835 1651 857 con-

193 883 290 929 tigue
316 883 407 917 inter
436 882 613 930 Capellam
644 883 774 918 Nostre
802 883 954 918 Domine
974 895 1018 918 ex
1049 890 1147 930 parte
1167 883 1324 918 orientali
1356 890 1391 917 et
1421 890 1546 917 terram
1579 883 1653 917 siue

194 950 429 978 tenementum
451 943 610 990 Symonis
632 943 779 990 Wrycht
806 956 849 978 ex
878 950 974 990 parte
996 944 1201 978 occidentali
1228 956 1305 978 cum
1324 950 1399 978 orto
1418 944 1652 978 tantummodo

195 1004 286 1039 dicto
306 1010 505 1039 tenemento
525 1016 569 1038 ex
587 1012 685 1051 parte
704 1004 825 1038 boriali
845 1004 1024 1039 adiacente
1047 1026 1052 1031 ·
1075 1018 1138 1052 pro
1157 1004 1223 1038 xx²¹
1254 1004 1350 1039 libris
1370 1004 1496 1039 vsualis
1516 1011 1653 1039 monete

198 1065 316 1100 Scocie
335 1073 343 1101 Ι
362 1065 470 1100 Cuius
489 1064 678 1099 tenementi
708 1065 879 1112 saysinam
905 1065 1059 1112 prefatus
1093 1065 1298 1099 Malcolmus
1329 1065 1470 1100 tradidit
1501 1071 1536 1100 et
1565 1065 1654 1100 tradi

196 1126 277 1160 fecit
307 1126 464 1172 predicto
494 1125 698 1160 Subdecano
731 1138 793 1173 per
819 1125 1015 1161 Johaunem
1047 1126 1090 1160 de
1112 1126 1259 1161 Camera
1289 1126 1450 1160 balliuum
1484 1126 1584 1173 burgi
1611 1126 1654 1160 (le

200 1186 335 1232 Glasgu
355 1186 541 1233 supradicti
564 1207 569 1212 ·
596 1185 687 1221 Acta
704 1186 847 1221 fuerunt
864 1187 929 1221 hec
947 1187 980 1221 in
1009 1186 1101 1221 dicto
1132 1187 1243 1233 burgo
1262 1187 1305 1221 (le
1328 1186 1461 1233 Glasgu
1486 1208 1491 1213 ·
1513 1200 1656 1234 presen-

199 1247 287 1281 tibus
307 1246 563 1282 venerabilibus
582 1254 617 1281 et
636 1247 794 1282 discretis
815 1247 897 1282 viris
917 1248 1082 1294 magistro
1106 1248 1260 1282 Roberto
1282 1248 1428 1282 Stewart
1451 1248 1656 1282 cancellario

201 1308 412 1354 Glasguensi
455 1308 615 1344 Johanne
643 1308 686 1342 de
715 1308 863 1343 Camera
913 1309 1073 1344 Johanne
1103 1308 1296 1355 lVyschard
1323 1308 1459 1343 balliuis
1481 1329 1487 1335 ·
1510 1308 1657 1343 dominis

197 1369 356 1405 Johanne
391 1369 433 1403 de
467 1368 591 1403 Lenax
638 1369 800 1404 Gilberto
833 1369 949 1404 Brovn
1005 1370 1160 1404 Roberto
1194 1370 1381 1405 Marschall
1412 1371 1655 1417 presbyteris·

203 1430 357 1465 Henrico
386 1430 568 1464 Michaelis
597 1429 760 1465 Gilbcr‘ro
779 1430 821 1464 de
845 1430 1014 1477 Kyngorn
1036 1438 1070 1465 ct
1100 1457 1478 1465 ...........
1509 1431 1656 1477 burgen-

200 1492 293 1525 sibus
311 1491 393 1525 dicti
411 1491 513 1537 burgi
533 1491 575 1525 de
598 1490 733 1538 Glasgu
754 1504 829 1525 oum
849 1491 963 1526 multis
982 1491 1056 1538 alijs
1075 1492 1222 1526 testibus
1245 1513 1250 1518 ·
1272 1492 1432 1528 Johanne
1457 1493 1499 1527 de
1522 1492 1657 1539 Hawyk

200 1553 406 1599 presbytero
428 1552 659 1599 Glasguensis
679 1552 826 1587 diocesis
846 1552 979 1587 notario
998 1552 1135 1599 publico
1158 1574 1163 1578 ·

205 1736 474 1769 Instrumentum
493 1734 708 1769 vendicionis
740 1734 796 1781 viij
829 1735 938 1782 riggis
957 1741 1050 1770 terre
1065 1736 1266 1783 campestris
1286 1749 1389 1783 super
1410 1737 1584 1784 Kyncleth
1608 1760 1613 1764 ·

208 1827 262 1893 ΙΝ
284 1858 359 1892 Dm
380 1870 523 1892 NOMINE
555 1858 669 1892 AMEN
698 1871 759 1905 per
787 1871 931 1905 presens
961 1859 1226 1894 instrumentum
1260 1866 1374 1906 pateat
1404 1861 1496 1907 quod
1522 1873 1612 1895 anno
1642 1874 1662 1895 a

209 1919 386 1954 natiuitate
406 1919 559 1953 eiusdem
591 1922 659 1952 m⁰¹⁰
681 1940 686 1944 ·
709 1931 788 1954 cccc
810 1940 816 1946 -
838 1919 920 1954 xxvi
943 1940 949 1946 ·
973 1919 1100 1954 mensis
1115 1918 1328 1954 Nouembris
1342 1920 1398 1955 die
1414 1920 1472 1967 xvj
1496 1941 1502 1947 -
1525 1921 1566 1955 In
1586 1933 1661 1967 pre-

209 1980 323 2014 sencia
338 1979 402 2014 mei
423 1979 545 2025 notai-ij
566 1986 601 2014 et
615 1980 754 2014 testium
770 1979 1040 2027 subscriptorum
1060 1979 1231 2015 Ricardus
1250 1981 1338 2015 filius
1357 1981 1460 2015 Alani
1479 1981 1662 2027 burgensis

209 2041 308 2086 burgi
327 2040 370 2074 de
393 2040 529 2086 Glasgu
548 2040 637 2074 filius
656 2041 826 2087 quondam
847 2041 952 2075 Alani
970 2042 1166 2088 Stevynson
1185 2042 1370 2088 burgensis
1384 2042 1466 2077 dicti
1480 2042 1581 2088 burgi
1597 2054 1663 2076 vna

210 2113 284 2134 cuin
305 2112 475 2134 consensu
493 2099 661 2135 Johannis
690 2101 749 2147 filij
783 2107 818 2136 et
846 2101 984 2136 heredis
1010 2101 1117 2149 ipsius
1145 2102 1287 2137 Ricardi
1317 2108 1399 2138 tunc
1429 2102 1601 2149 presentis
1629 2110 1664 2137 et

211 2159 458 2194 1⁷·onsentientis
477 2160 633 2194 vendidit
663 2160 835 2195 Macolmo
855 2161 897 2195 de
917 2161 1080 2196 Menteth
1094 2162 1260 2209 burgensi
1287 2163 1388 2208 burgi
1415 2162 1561 2209 predicti
1580 2163 1664 2196 duas

212 2233 307 2254 acras
321 2226 414 2254 terre
429 2220 629 2266 campestris
644 2221 807 2255 videlicet
838 2221 894 2267 viij
927 2221 1036 2268 riggis
1054 2228 1147 2257 terre
1163 2222 1319 2268 jacentes
1337 2222 1371 2256 in
1387 2223 1495 2257 crofta
1509 2223 1552 2256 de
1569 2222 1663 2268 Kyn-
