1922 2764
592 261 632 295 B.
662 261 708 296 V.
736 261 904 296 MARIE
932 261 1000 296 ET
1029 263 1063 298 S.
1093 264 1253 298 ANNE.
1603 271 1647 307 79

195 357 426 404 Glasguensis
445 357 591 392 diocesis
617 358 774 405 publicus
794 371 889 393 sacra
907 360 1111 395 auctoritate
1132 360 1334 407 Apostolica
1354 363 1504 397 notarius
1558 364 1650 404 Quia

195 417 290 464 [eta]

191 566 263 631 IN
289 597 379 632 DEI
406 597 543 633 nomine
564 598 679 633 Amen
703 620 708 625 ·
733 599 800 633 Per
818 599 882 634 hoc
901 600 1074 646 publicum
1093 600 1357 635 instrumentum
1378 601 1510 635 cunctis
1533 607 1650 648 pateat

191 657 282 704 quod
300 670 390 693 anno
408 658 653 694 incarnationis
673 659 857 695 Dominice
877 660 1055 695 millesimo
1074 661 1353 707 quingentesimo
1372 661 1649 707 vigesimotercio

191 718 247 752 die
262 731 346 753 vero
365 718 466 753 Lune
481 720 609 754 mensis
628 720 808 755 Februarii
822 721 1143 768 vigesimasecunda
1159 730 1167 757 l
1185 721 1224 754 In
1245 721 1311 755 mei
1330 721 1453 755 notarii
1473 721 1599 767 publici
1615 728 1650 756 et

191 778 329 813 testium
360 779 630 826 subscriptorum
661 781 838 827 presentia
866 781 1096 827 personaliter
1129 782 1336 816 constitutus
1364 781 1571 816 venerabilis
1598 782 1650 815 vir

190 839 354 885 magister
379 839 546 874 Valterus
575 840 749 887 Kennedy
774 841 958 876 canonicus
981 841 1212 888 Glasguensis
1228 850 1237 877 Ι
1254 841 1408 876 existens
1436 841 1469 875 in
1499 847 1588 875 statu
1615 847 1650 876 et

191 899 316 933 saisina
341 899 441 934 vnius
467 900 658 934 tenementi
686 913 762 935 cum
793 902 976 948 posteriori
1008 908 1104 948 parte
1132 902 1287 936 eiusdem
1320 908 1355 936 et
1383 901 1467 936 ortis
1496 902 1650 936 eiusdem

186 958 333 1004 jacentis
351 959 385 993 in
406 959 476 994 Via
496 960 620 995 Sancte
641 960 773 995 Tenew
793 973 836 995 ex
854 967 952 1008 parte
971 962 1112 996 australi
1131 962 1286 997 eiusdem
1299 962 1367 996 vici
1386 962 1539 996 eiusdem
1559 962 1649 996 inter

188 1024 299 1054 terras
320 1019 466 1054 Roberti
486 1020 644 1055 Wilsoun
661 1029 670 1057 Ι
686 1021 768 1055 alias
786 1021 965 1068 Jargoune
983 1031 991 1058 Ι
1008 1022 1050 1056 ad
1069 1022 1236 1057 orientem
1263 1028 1298 1056 et
1324 1029 1560 1057 tenementum
1581 1023 1650 1056 Ed-

191 1080 287 1114 uardi
308 1079 500 1126 Symsoune
520 1090 529 1117 Ι
545 1081 627 1115 alias
649 1081 805 1115 Hardiak
822 1090 830 1118 l
847 1082 940 1129 prius
956 1088 1069 1117 tamen
1083 1083 1252 1119 Johannis
1269 1083 1420 1117 Tarbart
1434 1083 1475 1117 ad
1492 1083 1650 1117 occiden-

190 1146 258 1174 tem
276 1148 285 1176 Ι
303 1141 349 1175 Et
366 1141 493 1175 ibidem
512 1141 601 1176 idem
629 1142 793 1188 magister
814 1142 979 1177 valterus
997 1143 1225 1190 prescriptum
1245 1156 1342 1178 suum
1361 1150 1596 1178 tenementum
1616 1144 1650 1178 in

189 1200 345 1235 manibus
365 1201 559 1236 Alexandri
581 1202 746 1236 Hommill
774 1203 872 1237 vnius
899 1204 1102 1237 balliuorum
1130 1204 1220 1238 dicte
1248 1204 1396 1238 ciuitatis
1419 1204 1649 1250 Glasguensis

190 1261 390 1308 simpliciter
417 1262 608 1309 resignauit
631 1263 665 1297 in
685 1263 835 1297 fauorem
865 1264 1019 1310 magistri
1043 1264 1165 1299 Jacobi
1194 1264 1402 1299 Houstoune
1422 1270 1457 1298 ct
1474 1264 1556 1299 dicti
1583 1277 1650 1299 ma-

189 1321 289 1367 gistri
315 1321 436 1357 Jacobi
462 1323 630 1358 heredum
657 1329 693 1358 et
718 1323 970 1369 assignatorum
988 1332 996 1360 l
1015 1324 1095 1364 Qua
1122 1324 1356 1370 resignatione
1385 1323 1433 1358 sic
1451 1324 1540 1358 facta
1558 1324 1650 1358 idem

190 1381 336 1417 balliuus
355 1383 514 1418 saisinam
529 1383 611 1418 dicti
625 1384 816 1418 tenementi
835 1384 969 1430 prefato
988 1384 1152 1430 magistro
1170 1384 1301 1419 Jacobo
1321 1384 1390 1418 suis
1409 1384 1594 1418 heredibus
1614 1390 1649 1418 et

189 1442 372 1489 assignatis
398 1456 460 1490 per
487 1450 579 1478 terre
607 1450 642 1479 et
668 1444 790 1491 lapidis
818 1444 1038 1479 traditionem
1065 1444 1272 1479 deliberauit
1300 1444 1348 1478 Et
1373 1444 1438 1478 hoc
1464 1457 1527 1491 pro
1554 1450 1649 1478 certa

190 1515 319 1538 summa
349 1504 495 1551 pecunie
523 1505 587 1539 sibi
617 1505 781 1551 magistro
810 1504 956 1539 Valtero
983 1505 1017 1538 in
1053 1504 1199 1551 pecunia
1225 1510 1404 1538 numerata
1430 1517 1493 1550 per
1521 1504 1648 1538 (lictum

190 1564 388 1610 magistrum
414 1565 583 1601 ,Iacobum
609 1565 785 1613 persoluta
811 1571 846 1599 et
872 1565 1063 1600 deliberata
1085 1574 1093 1600 l
1117 1565 1197 1605 Qua
1222 1564 1459 1611 resignatione
1487 1564 1535 1598 sic
1560 1564 1649 1599 facta

190 1624 280 1659 idem
299 1625 462 1672 magister
479 1626 631 1662 Jacobus
649 1626 820 1673 prefatum
838 1631 1074 1660 tenementum
1094 1625 1127 1659 in
1148 1626 1305 1660 manibus
1328 1625 1451 1672 prefati
1478 1624 1595 1659 balliui
1613 1624 1647 1658 in

189 1685 342 1720 fauorem
368 1686 507 1721 discreti
535 1686 600 1720 viri
624 1686 752 1721 domini
778 1686 948 1722 Johannis
977 1686 1114 1731 Smytht
1141 1686 1309 1732 capellani
1336 1685 1473 1719 nomine
1502 1684 1647 1719 ecclesie

188 1745 363 1780 fundande
398 1759 461 1793 per
491 1747 618 1782 dictum
653 1747 854 1793 magistrum
884 1746 1053 1781 Jacobum
1088 1746 1280 1791 resignauit
1315 1745 1514 1790 simpliciter
1536 1753 1544 1779 l
1569 1743 1648 1783 Qua

189 1806 290 1840 etiam
310 1807 544 1853 resignatione
563 1807 612 1842 sic
629 1807 718 1841 facta
737 1806 827 1841 idem
846 1806 992 1840 balliuus
1018 1806 1175 1840 saisinam
1195 1805 1277 1840 dicti
1295 1805 1485 1839 tenementi
1512 1804 1646 1850 prefato

189 1866 326 1900 domino
344 1866 495 1902 Johanni
524 1867 661 1914 Smytht
687 1867 824 1900 nomine
844 1866 976 1913 prefate
996 1866 1142 1900 ecclesie
1161 1878 1223 1911 per
1250 1865 1418 1911 prefatum
1446 1864 1645 1909 magistrum

187 1926 354 1961 Jacobum
368 1926 544 1961 fundande
562 1939 625 1974 per
640 1933 732 1961 terre
748 1932 783 1960 et
802 1926 923 1972 lapidis
938 1925 1157 1959 traditionem
1174 1925 1380 1959 deliberauit
1397 1943 1403 1948 ·
1423 1925 1646 1958 Presentibus

188 1985 314 2020 ibidem
334 1986 492 2022 discretis
511 1987 593 2021 viris
614 1987 759 2021 Andrea
780 1985 915 2020 Skeoch
934 1985 1055 2019 scolari
1075 1991 1110 2019 et
1127 1984 1287 2020 Johanne
1308 1984 1416 2019 Clerk
1441 1984 1526 2018 laico
1548 2005 1554 2010 ·
1579 1984 1646 2018 ET

189 2046 297 2081 EGO
336 2046 687 2082 CU'I'HBERTUS
725 2045 884 2092 Symonis
915 2045 1060 2079 clericus
1096 2043 1325 2090 Glasguensis
1360 2043 1506 2078 diocesis
1541 2044 1645 2078 sacris

189 2106 391 2153 Apostolica
409 2115 444 2142 et
462 2107 637 2154 Imperiali
663 2105 923 2140 auctoritatibus
952 2104 1129 2141 notarius!
1146 2104 1207 2138 sed
1235 2109 1269 2138 et
1297 2104 1418 2138 decani
1445 2110 1480 2138 et
1506 2104 1645 2151 capituli

188 2166 334 2201 ecclesie
357 2167 587 2214 Glasguensis
606 2166 758 2201 notarius
778 2171 813 2199 et
832 2164 942 2199 scriba
956 2164 1090 2210 juratus
1107 2172 1115 2199 l
1134 2164 1305 2198 Premissa
1325 2162 1421 2210 [eta]
