1922 2764
610 272 651 306 B.
680 271 727 306 V.
754 271 924 306 MARIE
952 270 1019 306 ET
1049 271 1083 306 S.
1113 271 1273 305 ANNE.
1621 274 1662 308 61

210 399 362 465 POST
390 430 835 471 QUARUMQUIDEM
862 431 1054 465 litterarum
1076 430 1347 477 preinsertarum
1375 430 1615 476 religiosarum
1634 438 1669 466 et

210 491 414 526 deuotarum
428 491 609 526 mulierum
624 491 788 538 priorisse
804 497 839 526 et
853 496 1045 526 conuentus
1060 491 1103 525 de
1122 490 1361 524 Northbervik
1376 492 1668 536 presentationem

210 557 246 586 et
263 551 502 598 recepcionem
523 551 621 586 nobis
641 558 676 586 et
694 564 756 598 per
774 564 836 586 nos
852 558 889 586 vt
906 551 1116 598 premittitur
1134 551 1241 585 factas
1258 559 1266 586 l
1282 550 1407 584 fuimus
1426 564 1488 597 per
1507 552 1645 586 easdem
1662 560 1670 588 l

210 619 372 658 patronas
402 612 611 646 indubitatas
642 618 811 659 perpetue
840 612 967 646 vicarie
998 610 1221 658 parrochialis
1252 610 1398 645 ecclesie
1428 611 1471 645 de
1502 611 1672 657 Mayboill

210 678 328 707 nostre
351 672 582 718 Glasguensis
609 672 757 707 diocesis
781 681 790 708 l
814 685 854 707 ac
877 672 1112 707 venerabilem
1139 671 1249 706 virum
1277 671 1479 717 magistrum
1504 671 1672 707 Jacobum

212 733 421 768 Houstoune
449 732 682 767 subdecanum
705 732 963 780 Glasguensem
990 745 1029 767 ac
1055 732 1272 766 fundatorem
1301 731 1396 766 Noui
1421 731 1570 778 Collegii
1599 732 1672 766 siue

213 793 408 840 Collegiate
428 793 586 827 Ecclesie
602 793 727 828 situate
742 793 831 827 infra
845 793 1019 828 ciuitatem
1037 792 1296 839 Glasguensem
1314 801 1322 828 Ι
1342 791 1532 839 [humiliter
1547 793 1673 839 suppli-

211 852 292 899 cati]
314 859 483 901 quatenus
502 853 662 888 vicariam
690 860 894 900 perpetuam
920 854 963 889 de
992 853 1163 900 Mayboill
1189 853 1380 900 predictam
1406 853 1541 900 prefato
1569 852 1673 887 Nouo

213 913 374 960 Collegio
393 919 428 949 et
446 913 579 948 duobus
597 914 837 960 prebendariis
855 914 889 948 in
909 914 1032 949 eodem
1051 914 1227 961 erigendis
1246 913 1345 948 vnire
1365 920 1552 948 annectere
1572 920 1607 948 et
1625 914 1674 947 in-

211 987 395 1020 corporare
414 974 623 1021 Nomenque
642 974 760 1009 vicarii
780 975 823 1009 de
842 981 960 1010 cetero
979 974 1194 1022 supprimere
1217 974 1265 1008 Et
1283 974 1317 1008 in
1337 974 1469 1008 duabus
1487 974 1675 1021 prebendis

211 1034 349 1081 erigere
369 1035 426 1069 Ac
443 1047 542 1069 vnam
563 1034 724 1069 vicariam
750 1035 1004 1082 pensionariam
1024 1048 1066 1070 ex
1086 1035 1254 1070 fructibus
1281 1035 1606 1082 supramentionatis
1625 1035 1675 1069 di-

211 1096 403 1130 membrare
419 1101 454 1130 et
467 1095 727 1130 dimembratam
742 1108 781 1130 ac
795 1096 1016 1130 constitutam
1031 1108 1150 1130 creare
1171 1095 1339 1142 Aliasque
1355 1101 1390 1130 et
1404 1095 1470 1129 alia
1484 1095 1517 1129 in
1533 1095 1675 1142 premis-

212 1156 258 1190 sis
271 1162 306 1191 et
317 1156 408 1191 circa
420 1169 461 1191 ea
471 1156 668 1191 necessaria
682 1163 717 1191 et
732 1162 926 1204 opportuna
938 1156 1054 1191 facere
1069 1169 1195 1202 gerere
1211 1161 1246 1190 et
1261 1168 1428 1190 exercere
1444 1156 1486 1190 de
1503 1155 1675 1190 ordinaria

210 1222 329 1251 nostra
347 1217 551 1251 auctoritate
571 1217 794 1263 dignaremur
816 1238 822 1243 -
847 1217 922 1251 Nos
945 1216 1051 1263 igitur
1072 1217 1232 1252 Gauinus
1260 1216 1556 1263 Archiepiscopns
1580 1223 1675 1250 ante-

214 1277 325 1312 dictus
338 1278 396 1324 qui
408 1277 499 1312 circa
511 1277 735 1312 ecclesiarum
748 1278 978 1324 quarumlibet
993 1277 1176 1324 presertim
1191 1277 1462 1323 Collegiatarum
1475 1282 1593 1311 nostre
1604 1276 1675 1310 dio-

213 1338 302 1372 cesis
322 1344 446 1373 statum
462 1338 562 1385 juxta
579 1338 760 1385 pastoralis
776 1338 875 1373 officii
891 1338 1044 1373 debitum
1064 1338 1209 1372 sollicite
1224 1337 1410 1384 vigilantes
1429 1338 1462 1371 in
1482 1337 1548 1371 hiis
1566 1337 1674 1371 liben-

213 1405 267 1434 ter
282 1399 344 1434 eiis
362 1399 551 1434 assistimus
569 1412 631 1446 per
646 1412 712 1446 que
732 1399 799 1434 illis
814 1412 852 1434 ac
870 1399 1028 1446 personis
1047 1398 1212 1445 predictis
1227 1397 1485 1445 tranquillitatis
1501 1404 1535 1431 et
1549 1397 1674 1444 quietis

214 1460 391 1495 commoda
408 1460 616 1507 proueniant
630 1466 666 1495 et
680 1472 799 1495 eorum
813 1459 1026 1507 profectibus
1042 1459 1241 1493 consulatur
1257 1467 1266 1494 Ι
1282 1458 1495 1492 dominarum
1510 1457 1674 1504 priorisse

214 1526 250 1554 et
276 1526 468 1555 conuentus
496 1532 535 1554 ac
565 1520 720 1566 magistri
745 1520 868 1556 Jacobi
898 1519 1091 1554 fundatoris
1122 1525 1158 1553 et
1183 1518 1394 1553 venerabilis
1423 1518 1486 1552 viri
1518 1518 1674 1564 magistri

213 1581 334 1616 Jacobi
356 1581 530 1627 Kennedy
548 1581 666 1615 vicarii
692 1580 852 1628 perpetui
880 1580 971 1615 dicte
999 1580 1126 1614 vicarie
1150 1579 1192 1614 de
1216 1579 1387 1626 Mayboill
1416 1578 1571 1613 moderni
1597 1591 1675 1625 pre-

214 1642 383 1677 dictorum
406 1641 567 1688 precibus
586 1641 722 1676 deuotis
741 1648 777 1676 et
794 1641 859 1688 piis
878 1641 1032 1675 inclinati
1051 1639 1233 1675 desideriis
1250 1648 1258 1675 l
1274 1645 1406 1674 matura
1424 1638 1674 1673 deliberatione

215 1715 290 1736 cum
309 1702 566 1737 venerabilibus
583 1702 747 1736 fratribus
774 1702 902 1736 nostris
921 1701 1067 1736 dominis
1092 1701 1224 1735 decano
1251 1700 1451 1747 presidente
1471 1705 1506 1733 et
1524 1699 1673 1745 capitulo

215 1762 361 1797 ecclesie
388 1768 505 1797 nostre
532 1762 796 1810 metropolitane
819 1762 1050 1809 Glasguensis
1069 1762 1103 1795 in
1123 1761 1247 1795 talibus
1275 1760 1390 1794 arduis
1409 1759 1481 1794 fieri
1510 1765 1676 1794 consueta

214 1823 394 1870 prehabita
409 1832 418 1859 Ι
435 1828 470 1857 et
487 1823 530 1857 de
550 1823 739 1858 eorundem
766 1835 934 1870 expresso
953 1834 1123 1857 consensu
1144 1827 1178 1856 et
1196 1833 1339 1855 assensu
1356 1829 1364 1856 l
1380 1819 1503 1866 prefati
1525 1818 1675 1865 Collegii

216 1883 328 1918 Marie
356 1891 391 1919 et
418 1884 524 1918 Anne
552 1884 736 1918 Beatarum
764 1884 912 1918 ciuitatis
943 1881 1174 1928 Glasguensis
1200 1880 1435 1914 fundationem
1463 1879 1674 1913 dotationem

215 1944 466 1979 ordinationem
493 1950 528 1979 et
554 1944 814 1991 dispositionem
834 1950 870 1978 vt
898 1956 1000 1990 supra
1020 1943 1075 1976 Ac
1094 1941 1221 1976 vicarie
1250 1947 1417 1987 perpetue
1445 1939 1602 1986 predicte
1630 1939 1674 1974 de

215 2005 385 2052 Mayboill
404 2005 515 2040 eidem
534 2005 657 2040 factam
676 2006 838 2040 vnionem
857 2017 957 2051 quam
975 2016 1051 2038 cum
1069 2003 1238 2037 fructibus
1261 2001 1453 2036 redditibus
1475 2007 1510 2035 et
1528 2013 1675 2047 prouen-

215 2065 305 2100 tibus
323 2065 494 2100 vniuersis
521 2065 755 2100 dimembratis
783 2071 818 2100 et
844 2064 1002 2099 deductis
1030 2064 1139 2098 solum
1159 2069 1193 2097 et
1211 2063 1379 2096 duntaxat
1398 2074 1441 2096 ex
1465 2061 1594 2096 eisdem
1616 2075 1673 2096 ex-

215 2125 332 2160 tractis
351 2126 471 2161 decem
497 2126 593 2160 libris
612 2138 757 2161 vnacum
785 2138 902 2159 manso
929 2137 1037 2171 prope
1058 2125 1181 2158 dictam
1202 2122 1381 2157 ecclesiam
1401 2135 1440 2156 ac
1458 2122 1544 2156 tofta
1565 2122 1674 2157 libere

215 2186 342 2232 absque
362 2187 454 2220 omni
476 2186 657 2221 exactione
686 2199 747 2220 seu
775 2185 992 2232 impositione
1020 2184 1133 2231 aliqua
1160 2184 1271 2218 eidem
1300 2183 1429 2217 vicario
1456 2182 1675 2229 pensionario

215 2247 364 2281 creando
384 2252 419 2281 et
436 2246 469 2280 in
490 2246 581 2281 dicta
602 2245 806 2293 parrochiali
826 2245 973 2280 ecclesia
991 2245 1034 2279 de
1055 2244 1225 2291 Mayboill
1252 2243 1431 2290 perpetuis
1448 2242 1572 2277 futuris
1591 2249 1675 2277 tem--

214 2306 355 2352 poribus
380 2306 415 2340 in
442 2318 523 2340 cura
542 2306 697 2341 eiusdem
721 2306 941 2341 deseruituro
969 2305 1144 2340 soluendis
1165 2305 1207 2339 de
1232 2304 1379 2350 integris
1397 2303 1564 2338 fructibus
1583 2303 1674 2337 dicte
