1922 2764
263 271 327 302 188
673 262 1002 299 MUNIMENTA
1030 261 1290 297 FRATRUM

259 377 478 413 securitatem
514 389 553 411 ac
592 375 836 423 premissorum
871 373 1005 408 roboris
1044 371 1240 406 firmitatem
1276 369 1423 417 predicti
1458 369 1654 404 Willelmus
1685 375 1722 403 et

261 438 406 485 Megota
424 437 497 472 eius
515 437 585 472 filia
602 436 751 483 sigillum
772 447 952 470 commune
971 433 1140 468 dictorum
1162 431 1292 466 Prioris
1311 436 1347 465 et
1364 437 1557 465 conuentus
1576 442 1721 465 vnacum

259 499 373 545 sigillo
391 497 600 533 venerabilis
619 503 655 532 et
672 496 825 541 religiosi
844 495 908 529 viri
928 493 1060 528 Fratris
1078 492 1247 529 Johannis
1263 491 1368 527 Mure
1384 491 1514 538 Vicarij
1535 490 1722 526 Generalis

259 560 369 595 tocius
388 559 518 594 ordinis
536 559 695 593 Fratrum
726 557 984 592 Predicatorum
1012 555 1101 589 infra
1127 567 1274 601 regnum
1304 553 1424 589 Scocie
1451 566 1526 588 cum
1555 553 1723 588 instancia

258 623 383 669 apponi
403 625 631 668 procurarunt
647 628 656 655 l
674 619 766 653 Acta
782 618 924 652 suerunt
941 617 1005 651 hec
1024 616 1057 650 iu
1077 615 1218 650 ciuitate
1238 615 1450 663 Glasguensi
1470 615 1559 662 apud
1580 615 1721 649 fundum

259 682 341 716 dicti
371 681 562 716 tenementi
598 678 819 727 presentibus
852 677 977 712 ibidem
1009 677 1151 724 prefatis
1182 677 1321 712 domino
1353 676 1473 711 Priore
1492 689 1531 711 ac
1562 676 1723 713 Johanne

261 744 372 790 Spens
397 742 525 777 balliuo
552 753 687 776 necnon
723 739 879 774 Henrico
909 738 1061 774 Jacsoun
1095 737 1220 772 Priore
1251 737 1412 772 Fratrum
1443 737 1486 772 de
1507 737 1659 784 Cowpyr
1689 743 1724 772 et

262 803 416 850 Hugone
445 803 596 839 Jacsoun
628 800 808 835 Fratribus
839 799 920 834 dicti
953 799 1084 833 ordinis
1107 820 1112 825 ·
1137 798 1271 833 Finlaio
1302 798 1345 833 de
1381 798 1545 833 Menteth
1588 798 1725 833 Thoma

261 864 429 911 Scowgall
452 885 458 890 -
480 863 612 900 Jacobo
641 860 799 897 Coutlar‘
832 860 947 895 Alano
967 860 1136 896 Caldwell
1178 860 1340 896 Johanne
1362 859 1543 894 Alansoun
1589 859 1725 894 Thoma

260 925 414 972 Bargille
458 924 632 959 Macolmo
653 922 789 957 Rannie
809 928 845 957 et
865 921 1041 956 Willelmo
1062 921 1220 956 Wilsoun
1249 934 1323 956 cum
1352 921 1500 956 diuersis
1527 920 1602 955 aliis
1628 920 1724 955 testi-

259 988 322 1021 bus
355 986 548 1022 ·Johanne
583 985 626 1019 de
668 984 848 1018 Restoune
887 983 1083 1030 presbitero
1121 982 1354 1030 Glasguensis
1398 981 1545 1017 diocesis
1588 981 1724 1017 notario

260 1048 397 1095 publico
420 1068 425 1073 ·

261 1232 532 1266 Instruinentum
553 1242 615 1264 sex
634 1229 820 1263 solidorum
849 1234 884 1262 et
902 1227 959 1274 viij
989 1227 1207 1262 denariorum
1235 1227 1338 1273 annuj
1367 1226 1525 1261 redditus
1551 1226 1594 1261 de
1621 1226 1725 1261 terris

261 1293 303 1327 de
337 1290 585 1338 Ardgartricht
615 1303 677 1337 per
710 1288 872 1325 Colinum
905 1288 1063 1323 Cambcll
1103 1288 1178 1323 loco
1212 1288 1472 1323 Predicatorum
1503 1287 1547 1322 de
1581 1287 1725 1334 Glasgw

262 1354 465 1388 donatorum

263 1447 318 1513 ΙΝ
339 1477 415 1512 Dm
437 1489 582 1512 NOMINE
603 1489 705 1511 AMEN
752 1476 820 1511 Per
834 1476 899 1511 hoc
916 1476 1183 1511 instrumentum
1202 1483 1320 1523 pateat
1337 1476 1430 1524 quod
1448 1489 1538 1512 anno
1556 1477 1598 1511 ab
1616 1476 1723 1511 incar-

262 1539 406 1574 nacione
434 1538 576 1584 Dominj
616 1541 663 1572 m⁰
698 1541 790 1572 cccc⁰
813 1558 818 1564 ·
842 1537 978 1584 lxxiiij‘0
1000 1558 1006 1563 ·
1030 1537 1157 1571 mensis
1177 1550 1261 1572 uero
1279 1537 1374 1584 Junij
1404 1537 1459 1572 die
1478 1537 1539 1584 vij²²
1561 1558 1567 1563 ·
1590 1537 1631 1571 In
1658 1537 1724 1583 mej

262 1600 384 1647 notai-ij
406 1599 532 1647 publicj
554 1605 589 1634 et
607 1599 747 1634 testium
767 1598 1038 1645 subscriptorum
1058 1598 1240 1644 presencia
1269 1598 1500 1644 personaliter
1518 1598 1726 1633 constitutus

262 1660 472 1695 honorabilis
503 1660 556 1694 vir
577 1659 721 1695 Colinus
742 1658 899 1694 Cambell
919 1659 1077 1693 dominus
1096 1659 1139 1693 de
1161 1658 1348 1694 Ormadale
1371 1679 1376 1685 ·
1401 1671 1469 1693 non
1491 1659 1523 1706 vj
1553 1665 1612 1694 aut
1632 1666 1725 1694 metu

262 1722 385 1756 ductus
404 1734 469 1756 nec
484 1733 602 1755 errore
622 1721 737 1767 lapsus
754 1720 816 1755 sed
835 1732 895 1754 sua
909 1732 1004 1755 mera
1022 1726 1058 1754 et
1072 1726 1262 1766 spontanea
1276 1720 1455 1754 voluntate
1475 1732 1519 1754 ex
1537 1720 1627 1754 bona
1646 1733 1725 1755 con-

262 1782 410 1818 sciencia
421 1789 456 1817 et
469 1782 595 1817 intuitu
610 1781 761 1816 caritatis
776 1779 940 1828 [pensata]
958 1780 1104 1816 vtilitate
1120 1781 1231 1815 anime
1245 1793 1305 1815 sue
1320 1787 1502 1827 parentum
1515 1787 1551 1816 et
1564 1781 1725 1816 benefac-

262 1851 374 1878 torum
394 1856 532 1878 suorum
552 1843 838 1890 predecessorum
859 1848 895 1877 et
913 1854 1150 1877 successorum
1173 1862 1178 1868 ·
1201 1854 1264 1889 pro
1279 1841 1444 1888 suffragio
1459 1842 1565 1889 diuinj
1587 1842 1723 1889 seruicij

262 1911 297 1939 et
311 1904 507 1939 oracionum
522 1904 556 1938 in
575 1903 734 1938 Ecclesia
752 1903 911 1938 Fratrum
930 1903 1188 1938 predicatorum
1204 1903 1247 1938 de
1266 1903 1402 1949 Glasgu
1421 1915 1483 1950 per
1498 1903 1725 1951 circumspec-

262 1972 332 1999 tum
352 1971 387 2000 et
405 1965 604 2010 religiosum
630 1964 741 1999 virum
768 1964 926 1999 Fratrem
948 1964 1132 1999 Patricium
1152 1964 1195 1999 de
1218 1964 1374 1999 Gowane
1395 1964 1549 1999 Priorem
1569 1964 1724 1999 eiusdem

263 2032 298 2060 et
311 2032 519 2060 conuentum
535 2038 670 2060 necnon
687 2038 749 2072 per
762 2038 842 2060 suos
857 2038 1077 2060 successores
1092 2025 1148 2072 quj
1169 2037 1231 2072 pro
1246 2032 1403 2072 tempore
1416 2025 1547 2060 fuerint
1562 2046 1568 2052 ·
1585 2025 1724 2060 racione

263 2094 297 2121 et
311 2099 412 2121 causa
430 2087 599 2121 firmitatis
618 2087 806 2121 eorundem
830 2108 835 2113 -
858 2087 955 2122 dedit
969 2086 1115 2122 contulit
1133 2093 1169 2121 et
1187 2086 1359 2121 concessit
1376 2099 1440 2121 sex
1454 2086 1581 2121 solidos
1600 2093 1635 2121 et
1647 2094 1725 2121 octo

263 2148 423 2182 denarios
441 2148 543 2194 annuj
564 2149 720 2183 redditus
739 2148 912 2183 annuatim
933 2148 976 2183 de
995 2148 1098 2183 terris
1118 2148 1187 2183 suis
1206 2148 1249 2182 de
1267 2147 1515 2194 Ardgartricht
1529 2148 1724 2195 jacentibus

264 2208 352 2242 infra
369 2208 642 2243 vicecomitatum
663 2209 705 2243 de
722 2208 861 2244 Cowale
877 2215 912 2243 et
930 2216 1041 2244 terras
1055 2209 1247 2255 vulgariter
1262 2215 1477 2256 nuncupatas
1495 2209 1527 2244 le
1545 2210 1694 2256 Stroyne
1718 2230 1724 2235 ·

265 2270 455 2304 Tenendos
474 2276 509 2304 et
527 2270 703 2305 habendos
722 2270 832 2305 dictos
851 2283 913 2305 sex
933 2270 1060 2305 solidos
1090 2277 1125 2305 ct
1152 2278 1229 2305 octo
1248 2271 1408 2305 denarios
1435 2271 1538 2317 annuj
1566 2271 1723 2305 redditus

265 2330 438 2365 aunuatim
466 2330 566 2365 dictis
595 2331 703 2376 Priorj
737 2338 772 2365 et
803 2344 865 2365 suo
884 2331 1071 2365 eonuentui
1104 2331 1261 2365 Fratrum
1297 2331 1555 2365 Predicatorum
1587 2343 1720 2364 necnon
