1922 2764
260 313 325 349 106
581 312 735 348 LIBER
762 313 1009 350 ECCLESIE
1037 312 1376 349 COLLEGIATE

254 409 400 444 dominis
413 409 436 445 J
439 409 573 444 ohanne
588 410 801 445 Moresonne
815 410 971 446 Roberto
988 409 1151 445 Salmond
1161 416 1197 443 et
1206 409 1228 445 J
1231 409 1337 443 acobo
1352 408 1450 455 Gray
1461 408 1675 455 presbyteris
1697 429 1703 434 ·

255 470 322 504 ET
349 469 459 505 EGO
485 470 603 505 Dauid
630 471 793 518 Hugonis
820 472 965 506 clericus
995 470 1226 516 Glasguensis
1252 469 1399 504 diocesis
1426 469 1582 516 publicus
1609 482 1705 505 sacra

254 529 457 566 auctoritate
477 530 680 578 Apostolica
696 532 850 566 notarius
902 532 995 572 Quia
1015 529 1111 577 [eta]

252 677 323 744 IN
350 710 440 745 DEI
466 711 604 745 nomine
624 710 738 745 Amen
762 732 767 737 -
792 711 859 745 Per
876 711 941 745 hoc
959 710 1133 756 publicum
1153 709 1418 744 instrumentum
1438 710 1569 744 cunctis
1588 716 1704 757 pateat

253 770 344 816 quod
358 783 448 805 anno
466 771 709 805 incarnationis
729 771 912 805 Dominice
931 770 1112 804 millesimo
1130 770 1407 816 quingentesimo
1426 770 1701 816 quadragesimo-

253 837 374 876 quarto
393 831 448 865 die
467 844 550 866 vero
568 831 825 866 decimooctauo
843 830 971 865 mensis
990 830 1075 864 Maii
1092 838 1100 866 l
1117 830 1157 864 In
1176 830 1243 864 mei
1268 830 1391 864 notarii
1409 830 1536 876 publici
1555 836 1590 865 et
1608 831 1702 865 testi-

253 903 308 924 um
336 891 604 938 subscriptorum
632 892 805 938 presentia
832 891 1062 938 personaliter
1089 891 1296 925 constitutus
1320 890 1490 924 discretus
1517 891 1568 925 vir
1590 890 1702 925 Geor-

252 952 329 998 gius
358 952 504 998 Clemey
532 952 616 986 ciuis
639 951 868 998 Glasguensis
890 960 898 987 l
921 963 982 985 sua
1012 963 1106 985 mera
1138 957 1172 985 et
1203 956 1392 997 spontanea
1417 950 1595 985 voluntate
1627 963 1703 985 cum

251 1023 394 1047 assensu
415 1013 565 1059 Agnetis
586 1012 713 1046 Allane
731 1025 792 1047 sue
811 1024 937 1059 sponse
954 1020 962 1047 l
978 1011 1156 1046 constituit
1182 1011 1216 1045 in
1241 1011 1392 1045 vberiori
1409 1011 1518 1045 forma
1543 1023 1703 1057 procura-

252 1078 344 1106 tores
362 1073 588 1107 nominandos
606 1085 668 1119 per
682 1072 915 1107 venerabilem
936 1078 971 1107 et
989 1072 1169 1119 egregium
1187 1072 1296 1105 virum
1317 1071 1516 1118 magistrum
1534 1071 1701 1107 Jacobum

254 1132 462 1167 Houstoune
490 1133 722 1167 subdecanum
745 1133 1000 1179 Glasguensem
1025 1133 1068 1167 ad
1092 1132 1337 1179 resignandum
1362 1133 1395 1166 in
1421 1132 1576 1166 manibus
1601 1132 1703 1167 vnius

250 1193 454 1228 balliuorum
480 1194 628 1228 ciuitatis
650 1193 881 1240 Glasguensis
900 1194 1023 1240 viginti
1042 1200 1188 1240 quatuor
1215 1193 1342 1227 solidos
1369 1193 1631 1227 annuiredditus
1657 1193 1701 1228 de

251 1266 312 1287 suo
331 1260 531 1289 tenemento
545 1261 612 1289 tam
628 1255 792 1289 anteriori
811 1268 911 1301 quam
929 1255 1113 1302 posteriori
1126 1256 1264 1301 jacente
1284 1255 1317 1289 in
1333 1255 1472 1289 ciuitate
1489 1255 1700 1302 Glasguensi

250 1313 341 1349 inter
359 1320 469 1349 terras
490 1315 634 1350 Roberti
657 1315 794 1362 Smytht
813 1328 856 1350 ex
875 1315 1004 1350 boreali
1024 1322 1059 1350 et
1072 1322 1183 1350 terras
1203 1315 1406 1349 Archibaldi
1428 1315 1637 1350 Robesoune
1657 1328 1701 1350 ex

251 1375 389 1408 australi
421 1376 574 1421 partibus
591 1383 651 1412 let
676 1376 741 1410 hoc
767 1376 801 1410 in
828 1376 981 1411 fauorem
1012 1376 1136 1423 prefati
1166 1375 1321 1422 magistri
1345 1376 1467 1411 Jacobi
1498 1382 1534 1410 et
1563 1388 1701 1410 suorum

250 1434 415 1469 heredum
443 1442 478 1470 et
503 1436 754 1482 assignatorum
782 1449 1062 1483 quorumcunque
1084 1445 1092 1472 s
1114 1437 1261 1483 Ipsaque
1293 1435 1415 1482 Agnes
1444 1435 1571 1470 Allane
1603 1443 1703 1471 extra

249 1495 459 1541 presentiam
491 1496 541 1530 sui
572 1496 684 1530 mariti
715 1497 838 1543 prefati
866 1497 1043 1543 corporale
1074 1496 1225 1543 prestitit
1251 1496 1482 1542 juramentum
1509 1497 1601 1542 quod
1631 1509 1700 1530 non

248 1554 361 1590 fuerat
379 1562 496 1590 coacta
519 1569 581 1603 per
608 1557 717 1603 ipsum
740 1557 933 1603 Georgium
961 1569 1058 1591 suum
1085 1569 1247 1603 sponsum
1265 1562 1324 1590 aut
1341 1569 1580 1603 quemcunque
1599 1557 1700 1591 alium

249 1615 291 1649 ad
310 1616 476 1662 premissa
492 1616 649 1651 facienda
671 1637 676 1643 ·
702 1617 927 1651 Presentibus
953 1617 1080 1651 ibidem
1099 1616 1245 1650 dominis
1274 1616 1378 1650 Petro
1405 1616 1643 1651 Alderstoune
1667 1625 1702 1651 et

251 1675 436 1711 Malcolmo
454 1677 627 1724 Flemyng
644 1677 859 1724 presbyteris
881 1698 887 1703 ·
911 1677 978 1711 ET
1006 1677 1114 1711 EGO
1142 1676 1293 1710 Thomas
1318 1676 1491 1723 Flemyng
1516 1677 1701 1723 presbyter

252 1736 482 1783 Glasguensis
500 1737 648 1772 ciuitatis
666 1737 824 1784 publicus
842 1737 1045 1772 auctoritate
1067 1736 1268 1783 Apostolica
1287 1736 1440 1771 notarius
1488 1737 1580 1777 Quia
1601 1735 1697 1783 [etc]

248 1885 315 1950 IN
345 1916 436 1951 DEI
461 1917 599 1951 nomine
621 1917 734 1951 Amen
757 1937 763 1943 ·
788 1916 855 1951 Per
872 1917 937 1951 hoc
955 1916 1128 1964 publicum
1152 1916 1416 1951 instrumentum
1435 1916 1567 1950 cunctis
1586 1922 1702 1962 pateat

249 1976 338 2021 quod
353 1988 442 2011 anno
460 1977 705 2011 incarnationis
725 1977 908 2011 Dominice
927 1977 1107 2011 millesimo
1126 1976 1404 2023 quingentesimo
1422 1976 1699 2022 quadragesimo-

248 2036 367 2082 quinto
386 2037 441 2071 die
460 2049 543 2072 vero
563 2037 832 2084 vigesimosexto
850 2037 977 2072 mensis
997 2037 1083 2071 Maii
1100 2046 1108 2073 Ι
1125 2037 1166 2071 In
1189 2037 1255 2071 mei
1281 2036 1405 2071 notarii
1431 2036 1559 2083 publici
1578 2043 1613 2071 et
1632 2043 1700 2071 tes-

249 2095 332 2129 tium
359 2097 627 2143 subscriptorum
655 2098 830 2144 presentia
856 2097 1085 2144 personaliter
1107 2097 1313 2132 constitutus
1340 2097 1504 2143 magister
1522 2097 1700 2132 Johannes

251 2154 416 2190 Watsone
434 2156 524 2190 filius
550 2163 586 2191 et
612 2157 713 2191 heres
732 2158 902 2204 quondam
926 2158 1129 2192 Archibaldi
1150 2158 1317 2192 Watsoun
1345 2157 1528 2203 burgensis
1549 2157 1699 2203 Glasgu-

249 2215 341 2249 ensis
357 2224 366 2251 Ι
382 2216 561 2251 actualiter
586 2217 754 2263 persoluit
772 2223 806 2251 et
825 2217 1031 2252 deliberauit
1049 2218 1200 2252 discreto
1219 2217 1293 2251 viro
1310 2217 1460 2252 Johanni
1481 2217 1593 2251 W'ann
1621 2217 1698 2250 bur-

248 2275 348 2322 gensi
366 2275 457 2310 dicte
476 2276 624 2311 ciuitatis
652 2289 813 2311 summam
835 2277 955 2311 decem
974 2277 1135 2311 librarum
1156 2277 1283 2311 vsualis
1301 2282 1439 2311 monete
1458 2276 1557 2322 regni
1578 2276 1697 2310 Scocie

247 2348 310 2381 pro
328 2336 565 2382 redemptione
584 2336 706 2382 viginti
729 2337 916 2371 solidorum
934 2337 1037 2371 annui
1065 2337 1220 2371 redditus
1239 2336 1282 2370 de
1301 2341 1500 2370 tenemento
1519 2341 1696 2381 spectante
