1922 2764
664 283 704 317 B.
733 282 780 317 V.
807 281 977 316 MARIE
1004 280 1072 316 ET
1101 282 1135 316 S.
1164 281 1324 316 ANNE.
1652 289 1713 319 lll

266 382 446 417 Marthiris
465 393 508 416 ex
529 380 687 415 orientali
713 379 867 427 partibus
884 387 892 415 l
909 379 997 413 Item
1017 378 1059 413 ad
1078 391 1182 413 vnum
1207 384 1442 412 tenementum
1461 380 1630 425 quondam
1649 393 1717 415 ma-

263 443 364 490 gistri
384 442 529 476 Andree
552 442 698 476 Stewart
720 441 840 487 jacens
855 452 900 474 ex
919 439 1121 474 occidentali
1142 445 1240 485 parte
1260 439 1448 472 communis
1466 439 1520 474 vie
1540 453 1605 486 que
1625 441 1718 476 ducit

263 516 282 537 a
302 503 397 537 Loco
418 503 575 536 Fratrum
606 501 863 535 Predicatorum
883 500 1031 534 ciuitatis
1053 498 1284 546 Glasguensis
1303 499 1347 533 ad
1366 498 1522 534 Foralem
1543 500 1691 535 Crucem
1708 510 1716 537 Ι

264 563 495 609 quodquidam
515 568 750 597 tenementum
770 569 849 596 ante
865 567 900 595 et
914 567 1008 595 retro
1023 560 1129 595 debet
1142 559 1316 594 annuatim
1331 559 1451 593 decem
1471 560 1597 594 solidos
1616 562 1718 595 annui

262 623 419 658 redditus
439 630 474 658 et
487 623 580 669 jacet
598 622 689 657 inter
708 628 818 656 terras
838 621 973 656 Thome
995 620 1205 655 Androsone
1225 632 1269 654 ex
1287 619 1417 654 boreali
1437 626 1471 653 et
1489 626 1599 654 terras
1613 633 1718 666 quon-

263 685 338 718 dam
360 683 494 718 Thome
517 683 698 717 Haustone
717 695 763 717 ex
781 682 920 716 australi
947 681 1102 728 partibus
1118 691 1127 717 Ι
1144 681 1232 715 Item
1259 680 1302 715 ad
1321 687 1557 714 tenementum
1585 681 1719 715 Mathei

266 744 394 779 Heriot
411 743 584 778 annuatim
608 744 741 777 debens
768 743 854 777 duos
882 742 1010 776 solidos
1036 741 1140 776 annui
1167 740 1323 775 redditus
1347 740 1466 786 jacens
1493 740 1583 774 inter
1610 747 1719 775 terras

266 805 411 840 Andree
430 804 621 839 Strutheris
640 816 684 838 ex
702 803 833 838 boreali
850 809 885 838 et
898 808 1009 837 terras
1024 802 1194 848 quondam
1212 800 1445 835 Bartholomei
1463 800 1572 834 Somir
1588 813 1631 834 ex
1647 813 1720 834 aus-

262 866 340 900 trali
359 865 513 911 partibus
531 873 539 901 Ι
556 865 644 899 Item
664 864 705 898 ad
720 876 825 898 vnum
844 869 1079 898 tenementum
1098 861 1245 896 Henrici
1261 861 1379 895 Burell
1397 861 1517 907 jacens
1536 861 1569 894 in
1589 861 1721 907 prefata

264 926 470 961 occidentali
488 931 586 972 parte
601 925 790 959 communis
806 924 860 958 vie
875 937 942 970 que
957 923 1052 957 ducit
1070 936 1089 957 a
1108 922 1204 957 Loco
1224 922 1382 956 Fratrum
1404 921 1662 955 Predicatorum
1678 922 1718 955 ad

265 986 413 1021 Crucem
441 985 600 1020 Foralem
627 985 802 1019 annuatim
825 985 956 1018 debens
984 984 1169 1018 tresdecim
1196 982 1324 1017 solidos
1352 988 1387 1016 et
1414 988 1559 1028 quatuor
1586 982 1719 1016 denari-

262 1060 300 1082 os
318 1047 422 1081 annui
451 1047 607 1081 redditus
628 1044 780 1093 [jacens]
801 1045 893 1080 inter
919 1051 1030 1079 terras
1049 1045 1131 1079 dicti
1152 1043 1299 1078 Henrici
1318 1055 1362 1077 ex
1381 1042 1521 1077 australi
1549 1049 1584 1076 et
1610 1049 1720 1077 terras

262 1107 431 1144 Johannis
453 1108 570 1154 Spang
589 1119 633 1141 ex
652 1106 783 1141 boreali
802 1106 957 1152 partibus
973 1114 981 1141 Ι
999 1106 1087 1139 Item
1107 1105 1149 1139 ad
1167 1116 1271 1138 vnum
1290 1103 1463 1149 integrum
1484 1109 1720 1137 tenementum

263 1168 417 1203 anterius
433 1168 552 1215 jacens
571 1167 604 1201 in
624 1167 757 1214 pref'ata
776 1166 981 1201 occidentali
1000 1166 1055 1200 via
1072 1178 1138 1212 que
1159 1165 1253 1199 ducit
1271 1177 1290 1198 a
1309 1164 1405 1198 Loco
1425 1163 1582 1197 Fratrum
1605 1163 1720 1197 Predi-

263 1236 416 1264 catorum
435 1229 477 1262 ad
498 1228 647 1263 Crucem
667 1227 826 1262 Foralem
845 1227 936 1261 inter
954 1232 1065 1261 terras
1084 1225 1210 1260 domini
1233 1224 1467 1259 Bartholomei
1489 1226 1656 1269 Symsone
1676 1235 1720 1258 ex

263 1289 393 1324 boreali
412 1296 447 1324 et
464 1296 575 1324 terras
596 1288 761 1323 Willelmi
784 1288 993 1322 Androsone
1013 1299 1057 1321 ex
1076 1286 1217 1321 australi
1243 1285 1397 1332 partibus
1414 1293 1422 1321 l
1440 1284 1528 1318 Item
1554 1284 1595 1318 ad
1615 1283 1720 1330 quod-

265 1351 341 1385 dam
361 1355 597 1385 tenementum
621 1349 741 1395 jacens
760 1361 806 1383 ex
827 1354 925 1395 parte
944 1347 1128 1394 posteriori
1156 1345 1379 1393 suprascripti
1397 1344 1587 1380 tenementi
1606 1357 1650 1378 ex
1668 1356 1722 1378 oc-

264 1411 428 1446 cidentali
454 1416 552 1458 parte
572 1409 726 1444 eiusdem
753 1409 886 1443 debens
913 1408 1087 1442 annuatim
1106 1407 1295 1453 vigintisex
1323 1406 1450 1440 solidos
1470 1412 1505 1440 et
1523 1411 1600 1439 octo
1618 1404 1720 1438 dena-

263 1471 333 1506 rios
360 1471 464 1506 annui
489 1470 646 1505 redditus
669 1479 677 1506 Ι
700 1470 789 1505 Item
816 1470 857 1504 ad
885 1469 1055 1516 quoddam
1082 1474 1318 1503 tenementum
1346 1473 1506 1513 spectans
1532 1464 1721 1512 capellanie

267 1532 383 1567 Sancti
410 1531 520 1566 Rochi
545 1531 677 1566 debens
703 1530 878 1565 annuatim
905 1529 1029 1576 viginti
1061 1529 1188 1563 solidos
1215 1527 1320 1563 annui
1347 1527 1502 1561 redditus
1529 1527 1649 1572 jacens
1678 1537 1721 1559 ex

264 1600 362 1640 parte
389 1592 548 1627 orientali
574 1591 707 1639 prefate
733 1591 921 1626 communis
940 1591 995 1625 vie
1016 1603 1081 1637 que
1101 1589 1196 1624 ducit
1213 1602 1233 1623 a
1252 1588 1347 1623 Loco
1375 1588 1534 1622 Fratrum
1563 1585 1720 1620 Predica-

264 1661 376 1688 torum
395 1654 437 1688 ad
458 1653 608 1688 Crucem
628 1652 787 1687 Foralem
806 1652 898 1686 inter
916 1658 1026 1686 terras
1045 1650 1127 1685 dicti
1155 1649 1307 1695 magistri
1327 1648 1448 1684 Jacobi
1467 1646 1657 1681 fundatoris
1676 1658 1719 1680 ex

265 1708 405 1749 austr‘ali
424 1720 459 1749 et
476 1713 645 1750 Johannis
660 1713 839 1748 Frebarne
855 1725 899 1747 ex
917 1711 1049 1746 boreali
1068 1710 1222 1758 partibus
1239 1718 1247 1746 l
1265 1710 1353 1744 Item
1368 1708 1409 1742 ad
1426 1720 1529 1742 vnum
1548 1707 1719 1752 integrum

264 1780 500 1809 tenementum
519 1780 598 1808 ante
618 1780 653 1808 et
671 1780 765 1808 retro
781 1773 900 1820 jacens
916 1785 960 1807 ex
975 1771 1134 1806 orientali
1153 1777 1250 1817 parte
1269 1768 1460 1816 prescripte
1477 1767 1529 1801 vic
1545 1779 1610 1812 que
1626 1766 1720 1800 ducit

265 1848 284 1870 a
304 1835 399 1869 Loco
420 1835 576 1869 Fratrum
598 1834 855 1868 Predicatorum
874 1833 917 1868 ad
938 1833 1086 1868 Crucem
1106 1831 1263 1866 Foralem
1291 1830 1381 1864 inter
1403 1834 1512 1862 terras
1531 1826 1719 1872 capellanie

268 1896 384 1931 Sancti
404 1895 516 1930 Roehi
535 1907 579 1930 ex
606 1895 735 1930 boreali
755 1901 790 1929 et
807 1901 917 1928 terras
935 1893 1063 1929 Jonete
1091 1889 1292 1925 Merschiall
1310 1901 1353 1923 ex
1372 1887 1511 1922 australi
1537 1886 1690 1933 partibus
1707 1894 1716 1921 Ι

266 1957 354 1991 Item
373 1956 415 1990 ad
434 1968 538 1990 vnum
556 1955 648 1990 aliud
675 1955 850 2001 integrum
869 1958 1104 1988 tenementum
1124 1950 1276 1985 anterius
1300 1949 1418 1995 jacens
1445 1960 1489 1982 ex
1515 1953 1613 1993 parte
1633 1945 1718 1980 occi-

265 2017 395 2052 dentali
421 2016 555 2063 prefate
578 2016 633 2051 vie
653 2028 719 2063 que
747 2015 842 2050 ducit
867 2027 886 2048 a
914 2013 1010 2047 Loco
1037 2013 1194 2046 Fratrum
1224 2009 1482 2043 Predicatorum
1508 2007 1550 2042 ad
1571 2007 1719 2041 Crucem

265 2077 424 2112 Foralem
451 2077 542 2112 inter
571 2076 764 2111 Pretorium
787 2075 1009 2120 Glasguense
1037 2084 1081 2106 ex
1108 2070 1247 2106 australi
1275 2076 1309 2104 et
1327 2076 1438 2103 terras
1458 2068 1538 2102 olim
1566 2067 1719 2101 Eduardi

269 2140 365 2174 Scott
391 2151 435 2173 ex
463 2137 592 2172 boreali
618 2136 804 2183 partibus!
828 2134 915 2168 Item
945 2133 987 2167 ad
1016 2144 1119 2166 vnum
1148 2135 1383 2165 tenementum
1411 2127 1532 2164 Jacobi
1564 2127 1718 2161 Inschaw

262 2200 382 2246 jacens
407 2211 452 2233 ex
477 2205 575 2245 parte
602 2195 786 2243 posteriori
813 2193 995 2241 prescripti
1022 2190 1212 2226 tenementi
1231 2190 1362 2224 debens
1381 2188 1554 2223 annuatim
1582 2187 1718 2234 viginti-

267 2272 330 2294 sex
348 2259 476 2293 solidos
495 2264 530 2292 et
549 2263 626 2292 octo
645 2255 805 2290 denarios
823 2254 927 2289 annui
946 2253 1103 2287 redditus
1130 2252 1221 2286 inter
1239 2257 1349 2285 terras
1368 2249 1495 2284 domini
1516 2247 1717 2283 Archibaldi

267 2319 444 2365 Langside
463 2330 507 2352 ex
526 2316 730 2351 occidentali
749 2321 784 2349 et
801 2321 911 2348 terras
930 2313 1012 2347 dicti
1038 2311 1193 2358 magistri
1218 2311 1340 2348 Jacobi
1367 2310 1558 2344 fundatoris
1585 2321 1628 2343 ex
1654 2308 1718 2342 ori-
