1922 2764
221 283 287 315 142
543 279 698 314 LIBER
724 280 973 317 ECCLESIE
1002 281 1171 318 COLLE
1179 281 1343 317 GIATE

218 377 324 412 Anne
344 383 380 412 et
393 389 438 412 ex
457 383 553 424 parte
568 377 773 412 occidentali
787 378 975 412 communis
990 378 1044 412 vie
1061 386 1070 414 l
1087 378 1177 412 inter
1191 383 1302 412 terras
1320 377 1470 412 Dauidis
1488 377 1613 424 Lyone
1629 389 1674 412 ex

215 437 347 472 boreali
363 445 372 474 l
387 443 497 472 terras
516 437 664 472 Dauidis
685 437 792 484 Wyly
810 451 855 472 ex
873 438 1077 473 occidentali
1095 446 1103 474 l
1119 443 1230 472 terras
1245 437 1336 472 dicte
1356 437 1460 472 Noue
1476 437 1672 484 Collegiate

216 497 376 532 Ecclesie
403 510 448 532 ex
474 497 632 532 orientali
649 506 658 535 l
674 504 709 532 et
731 503 842 532 terras
870 498 1017 532 Roberti
1044 497 1164 532 Millar
1191 510 1236 532 ex
1262 498 1403 533 australi
1429 499 1584 545 partibus
1601 507 1610 535 l
1626 498 1674 533 Et

215 557 342 592 ibidem
361 558 489 593 dictum
507 563 642 592 vastum
660 558 695 592 in
717 557 871 592 manibus
897 558 979 592 dicti
1006 558 1124 592 balliui
1140 566 1148 594 Ι
1164 558 1198 592 in
1217 558 1371 594 fauorem
1388 559 1411 595 J
1414 559 1558 593 ohannis
1577 559 1675 594 Wat-

215 630 300 652 sone
314 617 400 653 ciuis
414 618 506 653 dicte
521 618 670 652 ciuitatis
684 623 720 652 et
732 617 934 664 Margarete
951 618 1125 665 Flemyng
1139 619 1324 666 coniugum
1338 628 1347 656 Ι
1359 619 1552 666 resignauit
1570 638 1576 644 ·
1593 620 1675 660 Qua

214 679 451 725 resignatione
470 679 518 713 sic
535 678 625 713 facta
649 678 741 713 idem
767 678 915 713 balliuus
942 684 1066 713 statum
1095 685 1131 713 et
1157 679 1316 714 saisinam
1342 679 1573 714 hereditarios
1591 680 1675 714 dicti

214 739 302 774 vasti
328 751 391 786 per
418 745 511 774 terre
538 744 574 773 et
598 738 721 785 lapidis
746 738 966 773 traditionem
992 738 1135 786 prefatis
1161 739 1312 775 Johanni
1332 739 1500 775 Watsone
1519 745 1555 775 et
1578 739 1673 774 Mar-

213 805 335 846 garete
362 799 535 845 Flemyng
561 798 765 845 coniugibus
784 804 820 833 et
837 811 954 833 eorum
985 799 1085 834 alteri
1112 799 1241 834 diutius
1267 799 1401 835 viuenti
1428 800 1463 835 in
1491 800 1675 836 coniuncta

212 859 447 894 infeodatione
467 864 501 894 et
518 858 706 893 heredibus
724 858 815 893 inter
833 859 926 906 ipsos
945 859 1115 906 legittime
1133 860 1324 907 procreatis
1343 873 1405 895 seu
1421 861 1646 907 procreandis
1663 870 1672 898 l

213 919 337 966 quibus
368 919 608 954 deficientibus
637 918 826 954 heredibus
852 919 935 954 dicti
964 920 1134 956 Johannis
1161 920 1424 968 quibuscunque
1449 929 1459 958 Ι
1485 926 1521 956 et
1544 921 1611 956 hoc
1636 921 1671 956 in

211 980 405 1015 feudifirma
422 993 485 1027 pro
504 992 633 1014 summa
651 980 908 1026 quatuordecim
929 980 1116 1015 solidorum
1134 986 1274 1016 monete
1295 981 1410 1016 Scotie
1430 981 1597 1017 soluenda
1614 994 1672 1017 an-

212 1041 342 1076 nuatim
361 1041 452 1076 dicte
471 1040 629 1076 Ecclesie
650 1040 846 1087 Collegiate
865 1041 1003 1076 nomine
1021 1041 1215 1077 feudifirme
1232 1050 1241 1078 1
1257 1048 1436 1077 reseruata
1453 1042 1672 1089 longitudine

212 1101 364 1148 quinque
381 1101 508 1148 pedum
527 1113 571 1135 ex
590 1101 749 1136 orientali
775 1107 873 1149 parte
893 1101 975 1136 dicti
993 1102 1082 1137 vasti
1108 1115 1171 1150 pro
1190 1102 1315 1137 cloacis
1334 1103 1525 1138 tenementi
1545 1103 1671 1138 Sancte

213 1162 319 1196 Anne
341 1162 531 1208 purgandis
548 1170 556 1197 Ι
573 1161 780 1196 deliberauit
801 1183 807 1189 ·
832 1162 1058 1197 Presentibus
1085 1163 1213 1198 ibidem
1233 1163 1392 1198 discretis
1410 1163 1493 1198 viris
1510 1164 1671 1200 Johanne

214 1222 324 1257 Sellar
351 1229 387 1257 et
412 1222 531 1256 Dauid
558 1222 726 1257 Watsone
754 1222 922 1258 seriandis
950 1223 1100 1258 Patricio
1129 1223 1296 1270 Sympille
1320 1223 1452 1260 Jacobo
1478 1223 1618 1271 Harper
1637 1230 1672 1259 et

210 1283 342 1319 Jacobo
364 1282 530 1330 Sympille
550 1282 687 1318 seniore

309 1402 377 1437 ET
398 1403 509 1439 EGO
529 1403 680 1438 Thomas
701 1404 804 1439 Knox
821 1405 968 1440 clericus
986 1405 1218 1452 Glasguensis
1233 1406 1380 1441 diocesis
1398 1406 1556 1453 publicus
1576 1418 1672 1441 sacra

308 1463 512 1498 auctoritate
533 1463 737 1511 Apostolica
754 1465 908 1500 notarius
961 1465 1054 1507 Quia
1074 1464 1170 1513 [eta]

700 1560 852 1596 Thomas
872 1561 978 1597 Knox
996 1575 1097 1598 manu
1115 1563 1255 1610 propria

209 1734 281 1799 IN
308 1763 362 1798 dei
388 1764 525 1799 nomine
547 1764 663 1799 Amen
685 1786 690 1792 ·
715 1765 783 1800 Per
808 1765 874 1800 hoc
900 1766 1075 1813 publicum
1102 1767 1368 1802 instrumentum
1395 1767 1528 1802 eunctis
1553 1774 1670 1815 pateat

209 1824 301 1871 quod
315 1837 405 1858 anno
419 1824 664 1860 incarnationis
683 1825 868 1861 Dominice
886 1827 1068 1862 millesimo
1083 1827 1362 1874 quingentesimo
1379 1827 1669 1875 Quadragesimo-

209 1896 301 1918 nono
320 1884 375 1919 die
395 1897 480 1919 vero
499 1885 741 1921 decimatercia
758 1886 886 1921 mensis
906 1887 1061 1934 Augusti
1083 1908 1089 1914 -
1112 1888 1154 1922 In
1172 1888 1240 1923 mei
1258 1888 1383 1923 notarii
1401 1889 1529 1936 publici
1548 1895 1583 1924 et
1601 1896 1668 1924 tes-

209 1944 292 1978 tium
308 1945 579 1992 subscriptorum
597 1947 774 1993 presentia
786 1947 1018 1994 personaliter
1032 1948 1240 1984 constitutus
1259 1949 1429 1984 discretus
1443 1949 1496 1984 vir
1511 1950 1669 1985 dominus

210 2004 385 2039 Robertus
401 2005 592 2041 Watsoune
607 2007 805 2054 capellanus
818 2015 1042 2055 [procurator
1060 2010 1270 2045 venerabilis
1288 2010 1353 2044 viri
1371 2010 1528 2056 magistri
1545 2010 1667 2046 Jacobi

211 2064 421 2101 Houstoune
449 2067 637 2102 subdecani
663 2068 810 2103 ecclesie
829 2069 1094 2116 metropolitane
1117 2070 1349 2117 Glasguensis
1367 2083 1406 2106 ac
1423 2071 1615 2106 fundatoris
1634 2077 1669 2106 et

209 2125 375 2159 dotatoris
403 2126 561 2162 Ecclesie
587 2128 783 2175 Collegiate
811 2129 995 2164 Beatarum
1023 2130 1138 2166 Marie
1167 2130 1326 2178 Virginis
1354 2136 1390 2166 et
1416 2130 1524 2166 Anne
1549 2132 1667 2166 matris

209 2184 283 2219 eius
302 2185 425 2220 situate
444 2186 533 2221 infra
547 2188 721 2223 ciuitatem
739 2189 995 2236 Glasguensem
1012 2200 1021 2227 l
1039 2204 1184 2226 vnacum
1203 2191 1396 2226 honorabili
1410 2191 1485 2227 viro
1502 2192 1667 2239 magistro

207 2245 230 2281 J
233 2245 367 2279 ohanne
384 2245 467 2280 Hall
482 2247 590 2282 altero
605 2248 809 2283 balliuorum
823 2250 973 2285 ciuitatis
989 2250 1220 2298 Glasguensis
1237 2260 1246 2288 l
1263 2251 1425 2286 Accessit
1439 2252 1480 2286 ad
1495 2251 1665 2298 quoddam

209 2311 341 2340 vastum
365 2305 484 2351 jacens
511 2306 545 2341 in
571 2307 662 2343 dicta
680 2308 819 2344 ciuitate
838 2309 872 2343 in
893 2310 962 2345 Via
980 2310 1009 2345 F
1011 2311 1163 2346 ullonum
1182 2324 1249 2358 que
1267 2311 1362 2347 ducit
1379 2324 1399 2346 a
1418 2311 1532 2347 Cruce
1551 2311 1665 2346 Forali
