1922 2764
259 278 324 309 158
680 269 1009 307 MUNIMENTA
1036 267 1295 303 FRATRUM

254 383 406 418 officialis
425 382 520 418 curie
543 381 774 429 Glasguensis
794 387 829 416 et
847 380 997 427 sigillum
1016 390 1196 414 commune
1214 377 1317 423 burgi
1339 376 1382 410 de
1414 374 1549 422 Glasgv
1572 395 1577 401 ·
1602 374 1713 409 eidem

254 451 347 479 carte
366 457 442 479 mee
461 443 586 491 apponi
606 443 711 478 eciam
731 441 914 489 procuraui
932 441 966 474 in
986 438 1218 474 testimonium
1238 437 1484 484 premissorum
1506 457 1511 462 ·

256 628 361 663 Carta
383 627 488 673 Alani
507 627 550 661 (le
572 625 742 661 Cathkert
760 636 822 671 pro
845 645 850 649 -
874 621 930 656 xxi
952 644 958 649 -
981 621 1099 656 solidis
1118 620 1161 654 de
1176 620 1282 654 firmis
1301 625 1394 654 terre
1414 619 1457 653 de
1477 618 1664 664 Bogtoune
1688 639 1693 643 -

256 722 490 788 UNIUERSIS
521 751 591 798 Xpi
612 750 772 785 fidelibus
798 749 842 784 ad
869 761 1012 795 quorum
1040 747 1185 782 noticias
1213 753 1395 794 presentes
1413 746 1530 781 littere
1549 757 1720 792 peruene-

254 816 325 849 rint
346 835 352 841 ·
381 814 512 848 Alanus
531 813 573 846 de
595 811 766 846 Cathkert
784 810 942 844 dominus
962 809 1116 844 eiusdem
1147 808 1292 842 salutem
1311 808 1345 842 in
1366 807 1521 842 Domino
1540 806 1719 853 sempiter-

255 888 333 911 nam
356 897 360 901 -
386 874 566 909 Noueritis
585 885 638 907 me
658 872 796 907 dedisse
815 871 1029 906 concessisse
1049 876 1084 904 et
1101 869 1166 904 hoc
1184 869 1339 916 presenti
1359 868 1487 915 scripto
1505 879 1581 902 meo
1596 867 1719 901 confir-

256 950 366 971 masse
386 935 566 970 Fratribus
585 933 715 968 ordinis
737 932 997 966 Predicatorum
1017 931 1060 965 de
1083 930 1219 977 Glasgu
1247 929 1470 976 presentibus
1490 934 1525 962 et
1542 928 1666 962 futuris
1685 928 1719 961 in

255 1011 374 1046 puram
395 1004 429 1031 ct
447 1002 650 1044 perpetuam
669 993 892 1029 elemosinam
911 993 954 1027 ad
973 992 1156 1027 emendum
1177 991 1291 1025 oleum
1318 1003 1380 1037 pro
1407 989 1621 1036 lampadibus
1649 1001 1720 1022 sus-

256 1059 432 1094 tentandis
450 1057 573 1104 viginti
602 1056 730 1090 solidos
758 1054 1004 1100 sterlingorum
1032 1052 1075 1087 de
1094 1052 1200 1086 firmis
1227 1058 1321 1086 terre
1348 1063 1425 1085 mee
1452 1050 1495 1084 (le
1528 1050 1720 1096 Bogtowne

255 1121 352 1154 iuxta
372 1118 542 1154 Cathkert
562 1126 570 1153 l
587 1129 686 1164 quam
706 1115 844 1163 quidem
860 1121 988 1149 terram
1004 1114 1084 1148 volo
1103 1125 1180 1148 csse
1200 1113 1300 1147 dictis
1316 1111 1495 1146 Fratribus
1510 1124 1578 1157 quo
1596 1111 1638 1145 ad
1656 1111 1721 1145 hoc

255 1179 532 1226 [imlperpetuum
560 1178 744 1224 obligatam
768 1185 776 1213 Ι
799 1176 841 1210 ad
869 1176 955 1210 duos
982 1173 1085 1222 a[nni]
1117 1173 1284 1209 terminos
1314 1172 1569 1220 persoluendos
1601 1172 1721 1207 decem

255 1241 383 1276 solidos
402 1240 567 1274 videlicet
585 1239 626 1273 ad
646 1238 789 1273 Festum
812 1237 929 1272 Sancti
948 1236 1094 1271 Martini
1121 1236 1156 1270 in
1174 1247 1276 1281 yeme
1296 1241 1331 1269 ct
1349 1234 1434 1269 alios
1453 1234 1573 1268 decem
1594 1233 1721 1268 solidos

255 1303 298 1337 ad
324 1302 466 1336 Festum
498 1301 724 1335 Pentecostes
751 1298 948 1333 immediate
977 1309 1126 1344 sequens
1144 1305 1152 1332 Ι
1169 1296 1317 1331 termino
1335 1295 1445 1342 prime
1469 1295 1654 1329 solucionis
1673 1295 1721 1328 in-

257 1363 408 1410 cipiente
438 1362 544 1396 Anno
572 1361 716 1395 Domini
744 1359 925 1394 millesimo
952 1358 1189 1394 tricentesimo
1216 1357 1391 1392 tricesimo
1423 1362 1523 1391 sexto
1550 1362 1585 1391 et
1612 1356 1660 1390 sic
1679 1356 1722 1391 de

256 1424 404 1459 termino
423 1424 457 1457 in
477 1423 661 1458 terminum
681 1422 724 1456 dc
743 1433 833 1456 anno
852 1420 885 1454 in
914 1433 1039 1455 annum
1068 1420 1322 1466 imperpetuum
1340 1418 1407 1455 lad
1435 1430 1578 1464 quorum
1598 1417 1722 1464 viginti

258 1485 445 1519 solidorum
464 1483 674 1518 solucionem
693 1495 748 1517 me
768 1488 803 1516 et
821 1482 970 1516 heredes
990 1493 1051 1515 seu
1070 1480 1263 1526 assignatos
1282 1479 1324 1513 ad
1343 1491 1428 1526 quos
1456 1479 1612 1525 predicta
1630 1485 1723 1513 terra

256 1559 333 1580 mea
351 1546 394 1579 de
414 1545 606 1592 Bogtowne
626 1556 832 1591 quocunque
851 1542 953 1576 modo
966 1542 1073 1576 fuerit
1091 1541 1256 1576 deuoluta
1270 1540 1414 1574 firmiter
1429 1540 1547 1584 obligo
1564 1552 1628 1587 per
1645 1552 1722 1586 pre-

258 1613 376 1642 sentes
394 1614 402 1641 Ι
420 1606 467 1640 Et
485 1606 512 1640 si
539 1605 719 1651 contingat
737 1617 818 1639 casu
848 1603 962 1650 aliquo
983 1603 1210 1649 contingente
1237 1601 1329 1648 quod
1356 1601 1448 1635 dicta
1465 1607 1559 1635 terra
1576 1613 1654 1635 mea
1679 1601 1722 1634 de

259 1668 450 1714 Bogtowne
483 1679 550 1701 non
583 1666 727 1700 sufficiat
757 1665 799 1699 ad
831 1664 1043 1699 solucionem
1074 1664 1243 1698 dictorum
1272 1662 1423 1709 vig[inti]
1451 1661 1638 1696 solidorum
1669 1674 1722 1696 me

258 1735 293 1763 et
310 1728 460 1762 heredes
489 1740 583 1762 meos
611 1732 646 1761 et
673 1726 867 1773 assignatos
894 1732 1006 1760 terras
1033 1737 1126 1759 meas
1145 1731 1181 1759 et
1199 1724 1313 1758 omnia
1330 1724 1421 1758 bona
1438 1735 1515 1757 mea
1531 1722 1671 1757 mobilia
1689 1730 1724 1757 et

258 1789 444 1823 immobilia
461 1789 504 1823 ad
523 1800 668 1835 quorum
685 1800 806 1822 manus
833 1812 1218 1820 ...........
1246 1784 1412 1819 deuoluta
1430 1784 1547 1830 obligo
1566 1784 1609 1818 ad
1628 1784 1723 1818 satis-

257 1850 453 1885 faciendum
474 1849 575 1883 dictis
601 1849 808 1892 Fratr[ibus]
828 1848 871 1882 de
893 1847 993 1882 dictis
1013 1847 1137 1893 viginti
1156 1846 1274 1881 solidis
1293 1846 1453 1880 terminis
1476 1845 1724 1892 prenominatis

259 1923 437 1958 quousque
457 1910 548 1945 dicta
567 1916 660 1944 terra
677 1909 721 1944 (le
742 1909 934 1955 Bogtowne
954 1908 1100 1942 sufficiat
1117 1908 1160 1942 ad
1180 1907 1392 1941 solucionem
1412 1906 1582 1940 dictorum
1600 1906 1724 1952 viginti

260 1972 445 2006 solidorum
477 1977 514 2005 vt
541 1971 777 2017 [premitti]tur
804 1969 902 2004 annis
930 1969 1076 2015 singulis
1107 1967 1223 2014 [apud]
1257 1967 1411 2014 Glassgu
1440 1967 1505 2000 nisi
1536 1966 1626 2001 forte
1658 1979 1724 2012 ego

259 2033 413 2079 prefatus
447 2032 581 2066 Alanus
612 2031 800 2066 malleuero
831 2030 949 2065 satisfa
977 2056 1131 2067 .....
1161 2028 1341 2063 Fratribus
1369 2027 1564 2062 memoratis
1582 2027 1651 2073 aliq
1678 2054 1685 2061 .
1717 2055 1723 2060 .

262 2106 282 2125 v
311 2119 467 2126 .....
496 2092 538 2126 de
558 2092 681 2136 viginti
701 2091 823 2125 marcis
843 2090 1089 2137 sterlingorum
1113 2102 1179 2136 qne
1198 2089 1337 2136 quidem
1356 2088 1480 2135 viginti
1499 2100 1614 2122 marce
1634 2088 1724 2122 vale-

261 2154 347 2187 bunt
375 2179 567 2186 ......
596 2152 723 2186 solidos
743 2152 990 2198 sterlingorum
1009 2158 1045 2185 et
1063 2152 1090 2184 si
1118 2150 1210 2185 dicte
1230 2162 1342 2184 marce
1362 2162 1431 2184 non
1452 2149 1625 2183 valuerint
1643 2155 1726 2183 tunc

261 2212 426 2259 temporis
460 2211 581 2258 viginti
613 2212 740 2246 solidos
771 2212 947 2246 annuatim
974 2232 979 2237 ·
1012 2224 1078 2258 ego
1110 2211 1222 2245 (lictus
1255 2211 1391 2245 Alanus
1430 2210 1546 2256 obligo
1577 2211 1656 2253 [me]
1691 2216 1726 2243 et

262 2285 381 2308 omnes
400 2273 484 2306 alios
500 2278 536 2305 vt
554 2272 763 2318 premittitur
778 2272 821 2306 ad
839 2272 967 2317 intigre
983 2271 1192 2306 seruandum
1213 2271 1321 2305 dictas
1337 2270 1461 2316 viginti
1479 2282 1610 2304 marcas
1629 2277 1664 2303 et
1682 2270 1725 2303 ad

262 2333 399 2369 interim
431 2346 445 2366 s
471 2359 714 2367 ........
743 2333 843 2367 dictis
862 2332 1042 2366 Fratribus
1061 2332 1185 2378 viginti
1204 2332 1332 2367 solidos
1351 2340 1388 2367 vt
1406 2331 1616 2378 premittitur
1634 2331 1724 2377 apud
