1922 2764
210 252 295 285 lxxx
748 250 855 285 THE
884 249 1131 286 PREFACE.
1448 248 1672 295 [Appmvmx

209 353 316 384 quanta
332 348 431 376 fraude
453 348 552 384 ingens
574 357 710 375 numerus
731 347 873 376 dictorum
894 347 1147 385 prebendariorum
1169 346 1381 384 capellanorum
1402 349 1431 373 et
1454 345 1589 373 Fratrum
1610 355 1670 383 pre-

208 410 378 447 scriptorum
392 410 442 447 qui
456 414 520 447 post
539 409 739 438 alterationem
759 409 905 447 religionis
926 414 1017 438 terras
1030 419 1139 438 annuos
1155 408 1284 436 redditus
1299 411 1328 436 et
1345 407 1529 435 emolimenta
1544 407 1672 444 ipsorum

208 472 373 510 capellaniis
394 472 544 510 prebendis
556 476 585 500 et
600 472 665 500 aliis
679 472 748 501 locis
769 473 927 509 respectiue
948 472 1078 509 perprius
1092 471 1277 499 mortificatas
1291 470 1492 507 disposuerunt
1510 469 1673 498 alienarunt

207 540 236 562 et
257 535 286 562 in
307 535 439 563 manibus
460 535 639 572 quorundam
659 535 877 573 particularium
891 535 1017 563 virorum
1037 533 1263 562 extradonarunt
1291 532 1426 560 Aeetiam
1447 532 1523 569 quod
1542 531 1670 570 plerique

207 597 274 634 legii
296 597 397 625 nostrii
412 598 591 634 quarundam
605 602 747 626 terrarum
767 601 995 626 tenementorum
1009 601 1037 624 et
1052 605 1213 623 annuorum
1228 595 1393 623 reddituum
1408 604 1459 632 per
1473 594 1600 632 ipsorum
1610 604 1671 631 pre-

208 660 368 688 decessores
388 660 626 688 mortificatarum
637 660 686 697 jus
701 660 756 688 sibi
771 661 968 688 acclamarunt
988 668 1037 696 per
1051 658 1148 686 breuia
1163 657 1268 695 capelle
1284 662 1379 685 nostre
1396 661 1446 684 aut
1461 656 1532 685 alias
1546 656 1671 685 sasinam

208 726 344 759 tanquam
354 722 472 750 heredes
481 732 595 751 suorum
606 723 839 760 predecessorum
847 721 896 758 qui
908 722 1023 749 easdem
1032 720 1150 748 ecclesie
1161 720 1291 757 perprius
1302 719 1455 748 dotarunt!
1467 724 1671 757 recuperarunt

209 783 289 819 Quod
305 783 401 811 euenit
421 783 527 821 partim
542 783 718 821 negligentia
732 783 934 811 officiariorum
945 783 1021 811 dicte
1035 787 1130 811 nostre
1142 782 1270 810 ciuitatis
1283 787 1313 810 et
1326 781 1432 819 partim
1446 781 1600 811 collusione
1614 782 1671 810 dic-

209 853 304 875 torum
319 848 571 885 prebendariorum
587 847 798 885 capellanorum
812 852 841 875 et
858 848 993 875 Fratrum
1007 847 1231 884 prescriptorum
1253 846 1395 883 Quocirca
1412 856 1478 874 cum
1492 847 1671 875 auisamento

207 910 363 948 prescripto
385 911 491 939 Omnes
505 915 534 939 et
548 910 674 947 singulas
688 909 827 938 eiusmodi
847 909 1035 938 alienationes
1049 909 1248 947 dispositiones
1262 913 1292 937 et
1305 909 1414 937 sasinas
1429 909 1531 946 quibus
1545 910 1670 946 primum

206 973 381 1011 propositum
390 978 419 1001 et
430 973 542 1001 animus
554 973 737 1001 fundatorum
749 972 916 1010 infringitur
926 972 1066 1001 alteratur
1075 977 1105 1001 et
1118 973 1246 1001 variatur
1260 972 1422 1001 diducendo
1433 972 1547 1000 easdem
1562 972 1591 1000 in
1605 981 1670 1009 par-

207 1036 341 1064 ticulares
355 1046 420 1065 vsus
435 1037 471 1065 ad
485 1038 619 1065 effectum
633 1037 708 1074 quod
723 1036 822 1064 eedem
836 1037 866 1064 in
878 1046 942 1064 vsus
953 1036 1158 1074 suprascriptos
1170 1037 1297 1064 conuerti
1313 1040 1447 1074 poterunt
1460 1045 1511 1073 per
1525 1040 1670 1073 presentes

206 1098 394 1127 rescindimus
408 1103 437 1127 et
450 1099 631 1127 annullamus
653 1099 865 1136 Quamquidem
880 1100 951 1127 hanc
966 1103 1093 1126 nostram
1107 1098 1330 1126 declarationem
1344 1097 1475 1126 volumus
1489 1097 1562 1126 tanti
1574 1097 1669 1126 effecti

206 1162 313 1190 roboris
328 1166 357 1189 et
371 1161 497 1189 effic-acie
511 1162 567 1190 atsi
583 1170 701 1198 persone
716 1171 772 1198 que
793 1161 907 1189 easdem
921 1161 1120 1199 dispositiones
1138 1161 1323 1189 obtinuerunt
1344 1160 1559 1198 particulariter
1581 1160 1669 1188 citate

206 1228 300 1252 essent
326 1224 509 1261 ipsarumque
534 1224 738 1252 infeofamenta
760 1226 865 1262 absque
888 1224 1014 1253 vlteriori
1037 1234 1169 1262 processu
1189 1224 1419 1252 rescinderentur
1444 1223 1579 1252 Aeetiam
1602 1233 1669 1252 cum

206 1286 385 1315 auisamento
399 1286 557 1324 prescripto
572 1286 685 1314 vnimus
706 1291 735 1315 et
756 1287 969 1325 incorporamus
984 1296 1082 1315 omnes
1103 1291 1132 1315 et
1146 1286 1273 1324 singulas
1286 1290 1378 1315 terras
1393 1290 1557 1314 tenementa
1571 1286 1668 1315 domos

206 1349 320 1377 edificia
346 1349 480 1377 ecclesias
505 1349 648 1377 cimiteria
675 1349 799 1386 capellas
825 1350 953 1387 pomeria
976 1350 1081 1378 croftas
1105 1359 1214 1377 annuos
1237 1349 1366 1377 redditus
1388 1348 1519 1377 deuorias
1543 1348 1669 1386 proficua

206 1412 391 1440 emolimenta
405 1413 500 1440 firmas
521 1412 691 1441 elemozinas
712 1412 805 1440 obitus
826 1412 1023 1441 anniuersaria
1039 1413 1175 1441 Fratrum
1188 1412 1249 1441 loca
1260 1416 1335 1440 ortos
1353 1412 1508 1440 eorundem
1523 1421 1589 1440 cum
1609 1412 1668 1440 suis

207 1475 388 1511 pertinentiis
404 1475 432 1502 in
447 1485 535 1503 vnum
550 1485 651 1512 corpus
666 1475 852 1512 imposterum
866 1475 1067 1512 appellandum
1084 1475 1228 1503 Fundatio
1242 1479 1339 1503 nostra
1354 1474 1510 1502 Ministerii
1521 1478 1550 1502 et
1564 1475 1668 1512 Hospi-

206 1537 328 1565 talitatis
343 1537 377 1565 de
394 1537 509 1574 Glasgw
531 1537 672 1565 Volumus
693 1537 782 1565 etiam
796 1537 871 1574 quod
885 1538 967 1565 vnica
981 1537 1076 1565 sasina
1096 1546 1146 1574 per
1165 1537 1289 1574 prefatos
1309 1536 1485 1574 prepositum
1505 1541 1534 1565 et
1547 1537 1667 1566 balliuos

206 1603 235 1626 et
252 1599 379 1636 ipsorum
394 1599 519 1636 aliquem
536 1609 543 1626 l
562 1599 633 1627 dicti
644 1599 797 1627 ministerii
809 1603 838 1627 et
852 1599 1056 1636 hospitalitatis
1072 1599 1187 1628 nomine
1203 1607 1211 1626 1
1228 1599 1303 1636 apud
1317 1599 1473 1636 pretorium
1484 1599 1560 1628 dicte
1571 1604 1667 1628 nostre

206 1661 333 1689 ciuitatis
348 1661 435 1689 semel
448 1666 566 1699 accepta
580 1666 641 1689 tam
656 1661 798 1689 sufficiens
810 1661 866 1689 erit
880 1661 975 1689 sasina
988 1665 1127 1699 perpetuo
1142 1660 1171 1689 in
1186 1661 1316 1689 futurum
1327 1661 1382 1689 atsi
1396 1661 1496 1689 eadem
1511 1671 1595 1699 super
1605 1672 1667 1700 par-

205 1723 340 1751 ticulares
355 1728 445 1752 terras
454 1725 490 1751 ad
505 1723 596 1752 dictos
610 1723 769 1761 capellanos
783 1723 984 1761 prebendarios
999 1727 1027 1751 et
1039 1723 1153 1752 Fratres
1167 1723 1343 1760 pertinentes
1358 1727 1409 1751 aut
1422 1723 1491 1760 ipsis
1502 1723 1532 1751 in
1543 1724 1667 1761 prefatos

205 1796 315 1815 annuos
328 1787 458 1815 redditus
472 1787 672 1816 anniuersaria
685 1788 781 1815 firmas
795 1787 921 1825 proficua
934 1791 964 1815 et
977 1786 1094 1815 deuoria
1104 1787 1261 1824 prescripta
1272 1786 1368 1815 debita
1384 1797 1391 1814 l
1408 1791 1569 1815 sumeretur
1600 1788 1629 1815 N
1630 1797 1666 1816 on

206 1850 335 1877 obstante
360 1849 486 1877 locorum
511 1849 648 1877 distantia
674 1849 810 1877 Preterea
833 1849 965 1878 nolumus
989 1858 1039 1886 per
1062 1853 1207 1886 presentes
1231 1849 1391 1887 capellanos
1412 1850 1613 1887 prebendarios
1637 1856 1667 1879 et

208 1913 323 1940 Fratres
338 1912 387 1949 qui
401 1916 468 1941 ante
483 1913 591 1940 dictam
606 1912 805 1941 alterationem
819 1912 925 1950 prouisi
940 1916 1021 1940 erant
1035 1922 1085 1950 per
1092 1913 1145 1941 hoc
1156 1921 1271 1950 presens
1284 1917 1414 1941 nostrum
1428 1913 1666 1942 infeofamentum

205 1974 377 2011 preiudicari
392 1975 440 2003 sed
450 1984 628 2003 reseruamus
643 1975 699 2003 illis
708 1984 792 2003 vsum
806 1975 949 2003 dictorum
963 1975 1110 2003 fructuum
1124 1978 1154 2003 et
1167 1974 1349 2003 deuoriarum
1364 1975 1484 2004 durante
1494 1985 1592 2004 eorum
1606 1976 1666 2005 vita

206 2040 320 2064 tantum
344 2037 542 2065 Pnssen’immo
564 2037 660 2074 itaque
683 2042 843 2065 nostrorum
868 2041 1066 2075 computorum
1087 2037 1290 2066 rotulatoribus
1313 2038 1491 2075 presentibus
1511 2042 1540 2066 et
1560 2038 1664 2067 futuris

205 2099 332 2136 ipsorum
351 2099 549 2128 collectoribus
569 2104 599 2128 et
618 2100 682 2128 aliis
703 2109 824 2137 quorum
845 2100 964 2128 interest
986 2100 1016 2128 in
1035 2110 1139 2138 genere
1159 2110 1271 2129 necnon
1290 2101 1321 2129 in
1335 2101 1428 2139 specie
1449 2101 1525 2138 quod
1544 2111 1580 2130 ne
1600 2102 1665 2139 quis

206 2171 305 2189 eorum
319 2161 444 2198 recipere
459 2166 508 2190 aut
529 2162 625 2190 leuare
646 2167 792 2200 presumat
812 2163 902 2191 dictos
917 2163 1026 2191 fructus
1046 2163 1259 2200 particulariter
1280 2163 1484 2201 suprascriptos
1497 2173 1548 2201 pro
1563 2164 1664 2201 quouis

207 2227 333 2261 tempore
349 2223 486 2261 preterito
501 2233 550 2252 seu
565 2224 661 2252 futuro
675 2234 747 2253 neue
762 2225 921 2262 impediant
941 2230 992 2254 aut
1012 2225 1251 2263 impedimentum
1265 2225 1354 2254 vllum
1368 2226 1478 2254 faciant
1497 2226 1663 2254 memoratis

206 2287 348 2324 preposito
362 2286 477 2315 balliuis
491 2287 653 2316 consulibus
668 2288 868 2317 communitati
889 2294 918 2317 et
938 2289 1064 2326 ipsorum
1085 2289 1292 2318 successoribus
1307 2289 1336 2318 in
1350 2289 1469 2327 pacifica
1488 2290 1662 2327 possessione
