1922 2764
99 1588 153 1623 16.

610 238 839 274 ORDINIS·
854 237 1289 274 PREDICATORUM.
1615 246 1679 281 155)

219 350 355 397 Glasgu
370 350 543 385 annuatim
559 361 737 396 quousque
752 349 835 384 dicti
855 348 996 384 Fratres
1011 349 1150 384 valeant
1165 349 1292 384 habere
1308 350 1431 397 viginti
1447 351 1574 385 solidos
1589 353 1678 398 apud

219 410 355 457 Glasgu
385 411 559 445 annuatim
594 423 657 457 pro
688 409 812 456 viginti
847 409 971 444 marcis
1003 416 1038 444 et
1073 410 1137 445 hec
1174 437 1479 446 .........
1517 413 1582 447 erit
1616 426 1678 459 pro

214 472 426 519 lampadibus
445 471 680 506 sustentandis
698 480 706 507 l
725 478 760 506 et
779 478 908 506 extunc
935 485 996 506 ero
1023 472 1065 507 ab
1092 472 1156 507 hac
1183 472 1400 519 obligacione
1419 474 1557 520 penitus
1576 475 1678 509 liber-

213 539 289 567 atus
317 559 324 566 .
354 559 361 567 .
391 559 398 566 .
427 532 540 567 omnia
558 532 664 579 igitur
683 533 851 579 premissa
875 533 1026 568 fideliter
1054 534 1271 569 obseruanda
1299 534 1431 569 subicio
1458 548 1511 569 me
1530 536 1678 570 heredes

212 605 306 627 meos
325 599 361 627 et
378 593 572 640 assignatos
591 606 685 628 meos
704 594 747 628 ad
774 606 860 641 quos
887 607 1093 641 quocunque
1121 596 1223 630 modo
1250 602 1344 630 terre
1364 609 1439 630 mee
1459 596 1589 631 fuerint·
1619 597 1678 631 im-

210 659 390 699 posterum
417 653 605 700 de[uolute]
629 655 672 689 ad
700 654 911 690 solucionem
937 656 1106 691 dictorum
1126 656 1250 702 viginti
1278 657 1463 692 solidorum
1485 665 1521 692 vt
1539 659 1679 704 premit-

210 713 294 748 titur
316 715 555 761 jurisdiccioni
574 721 610 751 et
627 715 825 751 cohercioni
855 716 1020 764 Episcopi
1050 717 1282 764 Glasguensis
1310 719 1392 763 [vel]
1420 719 1493 753 eius
1526 719 1677 754 officialis

210 775 268 821 qui
286 789 349 822 pro
368 782 524 824 tempore
543 777 674 812 fuerint
692 778 784 824 quod
803 778 868 825 ipsi
886 778 943 813 vel
974 791 1092 814 eorum
1121 779 1208 814 alter
1234 780 1344 827 possit
1361 780 1418 815 vel
1438 781 1596 827 [possint]
1625 794 1677 815 me

210 844 245 872 et
277 850 396 873 omnes
427 839 604 886 predictos
635 840 845 887 compellere
878 840 978 875 vnica
1008 847 1141 876 tantum
1176 842 1371 876 monicione
1407 843 1575 888 premissa
1607 843 1678 877 sola

209 899 426 946 inspectione
454 901 673 947 presencium
700 914 763 948 per
791 902 1003 936 sentenciam
1032 902 1403 937 excommunicacionis
1423 903 1482 947 [in]
1510 916 1677 950 personas

209 967 345 996 nostras
365 962 605 1009 peruulgande
623 972 631 999 l
649 962 807 1010 obligans
826 963 1068 998 nichilominus
1086 977 1141 999 me
1161 971 1196 999 et
1226 965 1375 1000 heredes
1395 977 1488 999 meos
1517 972 1552 999 et
1570 966 1677 1012 assig-

208 1029 307 1056 natos
326 1023 369 1057 ad
388 1023 592 1058 soluendum
611 1024 750 1059 nomine
769 1037 859 1072 pene
877 1024 1008 1060 fabrice
1027 1026 1175 1060 ecclesie
1199 1026 1431 1073 Glasguensis
1458 1026 1578 1061 decem
1599 1027 1676 1061 soli-

208 1085 270 1119 dos
299 1085 603 1133 quocienscunque
631 1086 861 1122 defecerimus
888 1087 922 1121 in
951 1087 1128 1122 solucione
1156 1088 1325 1122 dictorum
1345 1088 1469 1135 viginti
1489 1088 1675 1123 solidorum

209 1146 278 1180 suis
306 1146 462 1182 terminis
489 1147 524 1182 in
550 1148 701 1182 futurum
720 1157 728 1184 Ι
746 1148 786 1182 In
806 1148 915 1193 [cuius
944 1149 1007 1192 rei]
1027 1149 1261 1184 testimonium
1281 1150 1430 1196 sigillum
1458 1162 1571 1184 meum
1598 1163 1675 1197 pre-

209 1208 365 1243 sentibus
384 1215 438 1244 est
456 1222 646 1256 appensum
665 1210 755 1257 apud
777 1210 948 1246 Cathkert
963 1211 1018 1246 die
1038 1211 1110 1257 xiiij
1127 1211 1254 1245 mensis
1275 1211 1428 1257 Augusti
1449 1224 1539 1245 anno
1559 1224 1676 1258 supra-

209 1270 336 1317 scripto
359 1292 364 1297 ·

207 1453 414 1503 Preceptum
435 1456 508 1491 siue
529 1457 700 1504 protectio
720 1457 830 1504 Regis
850 1457 967 1492 Dauid
987 1470 1050 1504 pro
1070 1457 1250 1492 Fratribus
1274 1478 1279 1484 ·

205 1549 345 1619 Dauid
378 1584 448 1619 Dei
480 1584 597 1631 gracia
625 1585 705 1620 Rex
736 1586 931 1621 Scottorum
956 1606 962 1611 ·
988 1585 1189 1620 Cameren-io
1216 1591 1334 1619 nostro
1365 1585 1484 1619 Scocie
1502 1594 1510 1620 s
1527 1584 1584 1631 qui
1612 1597 1673 1630 pro

204 1651 360 1692 tempore
378 1645 484 1681 fuerit
501 1655 509 1682 l
528 1646 679 1682 Salutem
704 1668 709 1674 ·
736 1647 858 1682 Sciatis
886 1647 978 1694 quod
1012 1659 1079 1681 non
1112 1653 1166 1681 est
1196 1652 1315 1680 nostre
1346 1646 1499 1681 intencio
1519 1646 1673 1680 volunta-

204 1706 248 1740 tis
265 1715 274 1742 l
290 1706 383 1753 quod
402 1706 581 1742 elimosina
607 1720 670 1754 per
688 1720 751 1742 nos
779 1721 841 1742 seu
867 1708 1137 1754 predecessores
1156 1714 1293 1742 nostros
1313 1707 1493 1741 Fratribus
1515 1706 1673 1741 Predica—

206 1767 339 1801 toribus
357 1767 459 1813 regni
479 1768 586 1802 nostri
606 1768 786 1803 cai-itatiue
815 1781 979 1803 concessa
1005 1769 1040 1802 in
1068 1768 1182 1815 aliquo
1206 1768 1378 1802 minuatur
1397 1767 1453 1802 vcl
1472 1766 1672 1801 detrahatur

205 1833 259 1861 set
277 1827 396 1873 pocius
411 1827 568 1862 volumus
587 1828 694 1874 ipsam
714 1829 926 1863 elimosinam
942 1835 1168 1875 augmentare
1191 1849 1196 1854 -
1223 1828 1342 1869 Quare
1358 1828 1454 1862 vobis
1472 1828 1671 1862 mandamus

205 1894 241 1921 et
266 1887 476 1935 precipimus
493 1896 501 1923 Ι
518 1889 678 1934 quatinus
705 1890 863 1924 omnibus
890 1890 1151 1924 vicecomitibus
1173 1911 1178 1914 -
1202 1889 1387 1936 prepositis
1418 1889 1607 1935 burgorum
1637 1895 1672 1922 et

205 1960 323 1982 eorum
342 1948 478 1983 balliuis
495 1957 504 1985 l
520 1962 559 1984 ac
577 1949 703 1984 ceteris
722 1963 865 1996 quorum
885 1950 1033 1984 interest
1048 1959 1057 1986 l
1073 1950 1191 1984 literas
1210 1956 1344 1984 vestras
1372 1950 1446 1984 sine
1465 1962 1670 1996 quocunque

205 2008 270 2042 alio
291 2009 450 2044 mandato
468 2016 588 2044 nostro
607 2010 764 2056 dirigatis
782 2019 790 2046 l
806 2017 844 2045 vt
859 2011 921 2057 ipsi
942 2010 1106 2057 predictis
1123 2011 1302 2045 Fratribus
1318 2011 1360 2045 de
1376 2011 1569 2045 redditibus
1584 2023 1670 2057 quos

204 2069 385 2117 percipere
414 2070 592 2117 hucusque
612 2078 872 2106 consueuerunt
888 2080 896 2108 l
913 2072 956 2106 ad
984 2072 1150 2106 terminos
1179 2078 1363 2106 consuetos
1380 2081 1388 2108 Ι
1404 2072 1507 2119 plene
1528 2084 1670 2118 respon-

203 2131 309 2165 deant
331 2152 336 2157 ·
359 2131 567 2178 prouideant
594 2138 629 2166 et
654 2132 838 2167 intendant
860 2154 865 2159 -
890 2132 936 2167 Et
964 2133 1027 2167 hoc
1055 2132 1149 2167 nullo
1177 2133 1277 2167 modo
1305 2133 1469 2167 omittatis
1488 2145 1553 2168 nec
1573 2133 1668 2167 omit-

203 2199 278 2227 tant
300 2214 306 2219 ·
330 2192 370 2226 In
402 2192 499 2227 cuius
530 2193 580 2228 rei
608 2193 841 2228 testimonium
864 2215 869 2220 ·
893 2194 953 2228 has
980 2193 1097 2228 literas
1126 2200 1261 2228 nostras
1280 2194 1378 2228 vobis
1405 2194 1639 2229 ostendendas
1661 2216 1665 2219 -

202 2266 380 2301 penesque
399 2254 553 2301 prefatos
581 2254 722 2289 Fratres
748 2261 919 2302 perpetuo
939 2267 1157 2289 remansuras
1180 2276 1186 2281 ·
1210 2255 1273 2289 sibi
1294 2255 1369 2289 fieri
1387 2255 1530 2290 fecimus
1550 2262 1668 2302 paten-

202 2321 255 2349 tes
277 2336 283 2341 ·
308 2315 416 2362 Apud
448 2315 677 2363 Edinburghe
701 2336 706 2342 -
730 2316 818 2363 xiiij⁰
840 2337 845 2342 -
869 2316 925 2350 die
960 2315 1093 2363 Aprilis
1116 2337 1121 2342 -
1148 2316 1253 2350 Anno
1285 2315 1383 2362 regni
1412 2316 1521 2350 nostri
1538 2324 1546 2351 l
1564 2315 1668 2350 Vice-

203 2376 287 2410 simo
305 2385 314 2412 l
333 2382 455 2411 octauo
477 2398 482 2402 ·
