<?xml version="1.0" encoding="UTF-8"?>
<!DOCTYPE html PUBLIC "-//W3C//DTD XHTML 1.0 Transitional//EN"
    "http://www.w3.org/TR/xhtml1/DTD/xhtml1-transitional.dtd">
<html xmlns="http://www.w3.org/1999/xhtml" xml:lang="en" lang="en">
 <head>
  <title>
</title>
<meta http-equiv="Content-Type" content="text/html;charset=utf-8" />
  <meta name='ocr-system' content='tesseract 3.04.00' />
  <meta name='ocr-capabilities' content='ocr_page ocr_carea ocr_par ocr_line ocrx_word'/>
</head>
<body>
  <div class='ocr_page' id='page_1' title='image "./libercollegiinos00mait_0310.png"; bbox 0 0 1922 2764; ppageno 0'>
   <div class='ocr_carea' id='block_1_1' title="bbox 261 275 1290 312">
    <p class='ocr_par' dir='ltr' id='par_1_1' title="bbox 261 275 1290 312">
     <span class='ocr_line' id='line_1_1' title="bbox 261 275 1290 312; baseline -0.002 0"><span class='ocrx_word' id='word_1_1' title='bbox 261 280 331 312; x_wconf 84' lang='lat'>204</span> <span class='ocrx_word' id='word_1_2' title='bbox 675 275 1004 311; x_wconf 90' lang='lat' dir='ltr'><strong>MUNIMENTA</strong></span> <span class='ocrx_word' id='word_1_3' title='bbox 1031 275 1290 311; x_wconf 85' lang='lat' dir='ltr'><strong>FRATRUM</strong></span> 
     </span>
    </p>
   </div>
   <div class='ocr_carea' id='block_1_2' title="bbox 259 385 1723 2260">
    <p class='ocr_par' dir='ltr' id='par_1_2' title="bbox 259 385 1723 2260">
     <span class='ocr_line' id='line_1_2' title="bbox 262 385 1720 423; baseline -0.001 -1"><span class='ocrx_word' id='word_1_4' title='bbox 262 388 401 423; x_wconf 91' lang='lat' dir='ltr'>stitutus</span> <span class='ocrx_word' id='word_1_5' title='bbox 419 386 589 421; x_wconf 87' lang='lat' dir='ltr'>discretus</span> <span class='ocrx_word' id='word_1_6' title='bbox 608 386 660 421; x_wconf 91' lang='lat' dir='ltr'>vir</span> <span class='ocrx_word' id='word_1_7' title='bbox 689 386 812 421; x_wconf 79' lang='lat' dir='ltr'><strong>Frater</strong></span> <span class='ocrx_word' id='word_1_8' title='bbox 831 386 983 420; x_wconf 82' lang='lat' dir='ltr'>Thomas</span> <span class='ocrx_word' id='word_1_9' title='bbox 1015 386 1171 420; x_wconf 89' lang='lat' dir='ltr'>Simsoun</span> <span class='ocrx_word' id='word_1_10' title='bbox 1201 385 1302 419; x_wconf 85' lang='lat' dir='ltr'>Prior</span> <span class='ocrx_word' id='word_1_11' title='bbox 1320 385 1560 420; x_wconf 84' lang='lat' dir='ltr'>conuentualis</span> <span class='ocrx_word' id='word_1_12' title='bbox 1589 398 1720 420; x_wconf 88' lang='lat' dir='ltr'>monas-</span> 
     </span>
     <span class='ocr_line' id='line_1_3' title="bbox 260 446 1720 496; baseline -0.002 -12"><span class='ocrx_word' id='word_1_13' title='bbox 260 449 338 496; x_wconf 85' lang='lat' dir='ltr'>terij</span> <span class='ocrx_word' id='word_1_14' title='bbox 359 449 517 484; x_wconf 85' lang='lat' dir='ltr'><strong>Fratrum</strong></span> <span class='ocrx_word' id='word_1_15' title='bbox 538 448 798 483; x_wconf 85' lang='lat' dir='ltr'>Predicatorum</span> <span class='ocrx_word' id='word_1_16' title='bbox 819 448 850 481; x_wconf 91' lang='lat' dir='ltr'>in</span> <span class='ocrx_word' id='word_1_17' title='bbox 870 447 1011 493; x_wconf 79' lang='lat' dir='ltr'>Glasgw</span> <span class='ocrx_word' id='word_1_18' title='bbox 1027 447 1217 493; x_wconf 81' lang='lat' dir='ltr'>comparuit</span> <span class='ocrx_word' id='word_1_19' title='bbox 1231 459 1346 481; x_wconf 88' lang='lat' dir='ltr'>coram</span> <span class='ocrx_word' id='word_1_20' title='bbox 1364 446 1622 481; x_wconf 84' lang='lat' dir='ltr'>honorabilibus</span> <span class='ocrx_word' id='word_1_21' title='bbox 1636 447 1720 482; x_wconf 82' lang='lat' dir='ltr'>viris</span> 
     </span>
     <span class='ocr_line' id='line_1_4' title="bbox 259 507 1719 554; baseline -0.002 -9"><span class='ocrx_word' id='word_1_22' title='bbox 259 510 419 546; x_wconf 73' lang='lat' dir='ltr'>¹Iohanne</span> <span class='ocrx_word' id='word_1_23' title='bbox 440 509 659 544; x_wconf 87' lang='lat' dir='ltr'>Achinrosch</span> <span class='ocrx_word' id='word_1_24' title='bbox 687 514 722 543; x_wconf 91' lang='lat' dir='ltr'>et</span> <span class='ocrx_word' id='word_1_25' title='bbox 738 508 898 544; x_wconf 69' lang='lat' dir='ltr'>,Iohanne</span> <span class='ocrx_word' id='word_1_26' title='bbox 921 508 1033 542; x_wconf 91' lang='lat' dir='ltr'>Wann</span> <span class='ocrx_word' id='word_1_27' title='bbox 1064 507 1201 542; x_wconf 84' lang='lat' dir='ltr'>balliuis</span> <span class='ocrx_word' id='word_1_28' title='bbox 1231 507 1333 554; x_wconf 83' lang='lat' dir='ltr'>burgi</span> <span class='ocrx_word' id='word_1_29' title='bbox 1362 508 1405 542; x_wconf 89' lang='lat' dir='ltr'>de</span> <span class='ocrx_word' id='word_1_30' title='bbox 1434 508 1666 543; x_wconf 89' lang='lat' dir='ltr'>Dunbertane</span> <span class='ocrx_word' id='word_1_31' title='bbox 1685 509 1719 542; x_wconf 91' lang='lat' dir='ltr'>in</span> 
     </span>
     <span class='ocr_line' id='line_1_5' title="bbox 261 568 1721 616; baseline -0.001 -10"><span class='ocrx_word' id='word_1_32' title='bbox 261 571 356 606; x_wconf 88' lang='lat' dir='ltr'>curia</span> <span class='ocrx_word' id='word_1_33' title='bbox 372 576 469 606; x_wconf 88' lang='lat' dir='ltr'>tenta</span> <span class='ocrx_word' id='word_1_34' title='bbox 495 570 528 604; x_wconf 91' lang='lat' dir='ltr'>in</span> <span class='ocrx_word' id='word_1_35' title='bbox 559 570 717 604; x_wconf 82' lang='lat' dir='ltr'>Pretorio</span> <span class='ocrx_word' id='word_1_36' title='bbox 748 569 903 603; x_wconf 90' lang='lat' dir='ltr'>eiusdem</span> <span class='ocrx_word' id='word_1_37' title='bbox 935 574 970 603; x_wconf 92' lang='lat' dir='ltr'>et</span> <span class='ocrx_word' id='word_1_38' title='bbox 999 568 1175 602; x_wconf 85' lang='lat' dir='ltr'>humiliter</span> <span class='ocrx_word' id='word_1_39' title='bbox 1205 568 1316 603; x_wconf 89' lang='lat' dir='ltr'>dictos</span> <span class='ocrx_word' id='word_1_40' title='bbox 1346 569 1491 603; x_wconf 88' lang='lat' dir='ltr'>balliuos</span> <span class='ocrx_word' id='word_1_41' title='bbox 1523 569 1721 616; x_wconf 84' lang='lat' dir='ltr'>requirebat</span> 
     </span>
     <span class='ocr_line' id='line_1_6' title="bbox 261 629 1719 679; baseline -0.001 -13"><span class='ocrx_word' id='word_1_42' title='bbox 261 632 352 679; x_wconf 89' lang='lat' dir='ltr'>quod</span> <span class='ocrx_word' id='word_1_43' title='bbox 371 632 503 667; x_wconf 89' lang='lat' dir='ltr'>vellent</span> <span class='ocrx_word' id='word_1_44' title='bbox 533 631 708 678; x_wconf 86' lang='lat' dir='ltr'>inquirere</span> <span class='ocrx_word' id='word_1_45' title='bbox 727 643 746 664; x_wconf 92' lang='lat' dir='ltr'>a</span> <span class='ocrx_word' id='word_1_46' title='bbox 776 629 1008 676; x_wconf 81' lang='lat' dir='ltr'>burgensibus</span> <span class='ocrx_word' id='word_1_47' title='bbox 1027 629 1109 663; x_wconf 89' lang='lat' dir='ltr'>dicti</span> <span class='ocrx_word' id='word_1_48' title='bbox 1141 629 1242 675; x_wconf 82' lang='lat' dir='ltr'>burgi</span> <span class='ocrx_word' id='word_1_49' title='bbox 1272 635 1307 664; x_wconf 89' lang='lat' dir='ltr'>et</span> <span class='ocrx_word' id='word_1_50' title='bbox 1325 630 1432 664; x_wconf 80' lang='lat' dir='ltr'>assisa</span> <span class='ocrx_word' id='word_1_51' title='bbox 1454 630 1544 665; x_wconf 88' lang='lat' dir='ltr'>dicte</span> <span class='ocrx_word' id='word_1_52' title='bbox 1564 631 1658 665; x_wconf 88' lang='lat' dir='ltr'>curie</span> <span class='ocrx_word' id='word_1_53' title='bbox 1685 630 1719 664; x_wconf 88' lang='lat' dir='ltr'>in</span> 
     </span>
     <span class='ocr_line' id='line_1_7' title="bbox 263 690 1719 739; baseline -0.001 -12"><span class='ocrx_word' id='word_1_54' title='bbox 263 693 420 728; x_wconf 82' lang='lat' dir='ltr'>Pretorio</span> <span class='ocrx_word' id='word_1_55' title='bbox 439 692 595 739; x_wconf 86' lang='lat' dir='ltr'>predicto</span> <span class='ocrx_word' id='word_1_56' title='bbox 614 691 844 726; x_wconf 81' lang='lat' dir='ltr'>existentibus</span> <span class='ocrx_word' id='word_1_57' title='bbox 871 697 906 725; x_wconf 89' lang='lat' dir='ltr'>et</span> <span class='ocrx_word' id='word_1_58' title='bbox 937 690 1209 725; x_wconf 83' lang='lat' dir='ltr'>declaracionem</span> <span class='ocrx_word' id='word_1_59' title='bbox 1240 691 1429 725; x_wconf 90' lang='lat' dir='ltr'>eorundem</span> <span class='ocrx_word' id='word_1_60' title='bbox 1459 691 1588 726; x_wconf 87' lang='lat' dir='ltr'>habere</span> <span class='ocrx_word' id='word_1_61' title='bbox 1607 698 1719 726; x_wconf 89' lang='lat' dir='ltr'>vtrum</span> 
     </span>
     <span class='ocr_line' id='line_1_8' title="bbox 260 751 1721 800; baseline -0.001 -12"><span class='ocrx_word' id='word_1_62' title='bbox 260 754 462 788; x_wconf 89' lang='lat' dir='ltr'>habuissent</span> <span class='ocrx_word' id='word_1_63' title='bbox 480 753 626 800; x_wconf 82' lang='lat' dir='ltr'>aliquam</span> <span class='ocrx_word' id='word_1_64' title='bbox 645 764 808 786; x_wconf 89' lang='lat' dir='ltr'>summam</span> <span class='ocrx_word' id='word_1_65' title='bbox 828 751 931 785; x_wconf 86' lang='lat' dir='ltr'>annui</span> <span class='ocrx_word' id='word_1_66' title='bbox 951 751 1107 785; x_wconf 85' lang='lat' dir='ltr'>redditus</span> <span class='ocrx_word' id='word_1_67' title='bbox 1134 751 1177 786; x_wconf 89' lang='lat' dir='ltr'>de</span> <span class='ocrx_word' id='word_1_68' title='bbox 1196 757 1397 786; x_wconf 81' lang='lat' dir='ltr'>tenemento</span> <span class='ocrx_word' id='word_1_69' title='bbox 1425 751 1459 785; x_wconf 92' lang='lat' dir='ltr'>in</span> <span class='ocrx_word' id='word_1_70' title='bbox 1489 752 1581 786; x_wconf 88' lang='lat' dir='ltr'>dicto</span> <span class='ocrx_word' id='word_1_71' title='bbox 1609 753 1721 799; x_wconf 87' lang='lat' dir='ltr'>burgo</span> 
     </span>
     <span class='ocr_line' id='line_1_9' title="bbox 262 812 1721 858; baseline -0.001 -9"><span class='ocrx_word' id='word_1_72' title='bbox 262 815 396 849; x_wconf 89' lang='lat' dir='ltr'>iacente</span> <span class='ocrx_word' id='word_1_73' title='bbox 415 814 505 848; x_wconf 90' lang='lat' dir='ltr'>inter</span> <span class='ocrx_word' id='word_1_74' title='bbox 524 820 634 848; x_wconf 82' lang='lat' dir='ltr'>terras</span> <span class='ocrx_word' id='word_1_75' title='bbox 653 812 781 847; x_wconf 90' lang='lat' dir='ltr'>domini</span> <span class='ocrx_word' id='word_1_76' title='bbox 800 812 843 846; x_wconf 88' lang='lat' dir='ltr'>de</span> <span class='ocrx_word' id='word_1_77' title='bbox 871 812 1132 858; x_wconf 88' lang='lat' dir='ltr'>Boquhannane</span> <span class='ocrx_word' id='word_1_78' title='bbox 1149 812 1319 848; x_wconf 88' lang='lat' dir='ltr'>Johannis</span> <span class='ocrx_word' id='word_1_79' title='bbox 1346 812 1425 846; x_wconf 90' lang='lat' dir='ltr'>Lile</span> <span class='ocrx_word' id='word_1_80' title='bbox 1445 818 1481 847; x_wconf 84' lang='lat' dir='ltr'>et</span> <span class='ocrx_word' id='word_1_81' title='bbox 1497 813 1619 849; x_wconf 87' lang='lat' dir='ltr'>Jacobi</span> <span class='ocrx_word' id='word_1_82' title='bbox 1637 813 1721 848; x_wconf 87' lang='lat' dir='ltr'>Law</span> 
     </span>
     <span class='ocr_line' id='line_1_10' title="bbox 262 873 1721 922; baseline -0.001 -12"><span class='ocrx_word' id='word_1_83' title='bbox 262 888 306 910; x_wconf 85' lang='lat' dir='ltr'>ex</span> <span class='ocrx_word' id='word_1_84' title='bbox 325 881 422 922; x_wconf 86' lang='lat' dir='ltr'>parte</span> <span class='ocrx_word' id='word_1_85' title='bbox 454 874 611 909; x_wconf 80' lang='lat' dir='ltr'>orientali</span> <span class='ocrx_word' id='word_1_86' title='bbox 644 880 679 908; x_wconf 89' lang='lat' dir='ltr'>et</span> <span class='ocrx_word' id='word_1_87' title='bbox 709 879 946 908; x_wconf 82' lang='lat' dir='ltr'>tenementum</span> <span class='ocrx_word' id='word_1_88' title='bbox 977 873 1148 920; x_wconf 87' lang='lat' dir='ltr'>quondam</span> <span class='ocrx_word' id='word_1_89' title='bbox 1182 873 1317 908; x_wconf 88' lang='lat' dir='ltr'>Thome</span> <span class='ocrx_word' id='word_1_90' title='bbox 1350 873 1517 908; x_wconf 88' lang='lat' dir='ltr'>Rawnald</span> <span class='ocrx_word' id='word_1_91' title='bbox 1548 887 1593 909; x_wconf 84' lang='lat' dir='ltr'>ex</span> <span class='ocrx_word' id='word_1_92' title='bbox 1624 880 1721 921; x_wconf 86' lang='lat' dir='ltr'>parte</span> 
     </span>
     <span class='ocr_line' id='line_1_11' title="bbox 262 934 1722 982; baseline -0.001 -11"><span class='ocrx_word' id='word_1_93' title='bbox 262 935 467 971; x_wconf 88' lang='lat' dir='ltr'>occidentali</span> <span class='ocrx_word' id='word_1_94' title='bbox 494 956 500 961; x_wconf 90' lang='lat'>-</span> <span class='ocrx_word' id='word_1_95' title='bbox 529 934 626 969; x_wconf 89' lang='lat' dir='ltr'>Dicti</span> <span class='ocrx_word' id='word_1_96' title='bbox 658 935 852 981; x_wconf 85' lang='lat' dir='ltr'>burgenses</span> <span class='ocrx_word' id='word_1_97' title='bbox 884 940 919 968; x_wconf 90' lang='lat' dir='ltr'>et</span> <span class='ocrx_word' id='word_1_98' title='bbox 949 934 1055 968; x_wconf 88' lang='lat' dir='ltr'>assisa</span> <span class='ocrx_word' id='word_1_99' title='bbox 1085 947 1200 968; x_wconf 87' lang='lat' dir='ltr'>coram</span> <span class='ocrx_word' id='word_1_100' title='bbox 1230 934 1397 981; x_wconf 82' lang='lat' dir='ltr'>predictis</span> <span class='ocrx_word' id='word_1_101' title='bbox 1429 935 1566 969; x_wconf 90' lang='lat' dir='ltr'>balliuis</span> <span class='ocrx_word' id='word_1_102' title='bbox 1596 948 1722 982; x_wconf 86' lang='lat' dir='ltr'>magno</span> 
     </span>
     <span class='ocr_line' id='line_1_12' title="bbox 260 995 1722 1042; baseline 0 -11"><span class='ocrx_word' id='word_1_103' title='bbox 260 996 517 1032; x_wconf 87' lang='lat' dir='ltr'>interueniente</span> <span class='ocrx_word' id='word_1_104' title='bbox 541 996 737 1042; x_wconf 84' lang='lat' dir='ltr'>juramento</span> <span class='ocrx_word' id='word_1_105' title='bbox 763 995 963 1041; x_wconf 78' lang='lat' dir='ltr'>singillatim</span> <span class='ocrx_word' id='word_1_106' title='bbox 992 996 1149 1042; x_wconf 80' lang='lat' dir='ltr'>requisiti</span> <span class='ocrx_word' id='word_1_107' title='bbox 1169 996 1376 1031; x_wconf 88' lang='lat' dir='ltr'>vnanimiter</span> <span class='ocrx_word' id='word_1_108' title='bbox 1402 997 1669 1032; x_wconf 87' lang='lat' dir='ltr'>declarauerunt</span> <span class='ocrx_word' id='word_1_109' title='bbox 1687 1003 1722 1031; x_wconf 88' lang='lat' dir='ltr'>et</span> 
     </span>
     <span class='ocr_line' id='line_1_13' title="bbox 261 1056 1721 1105; baseline -0.001 -12"><span class='ocrx_word' id='word_1_110' title='bbox 261 1058 498 1105; x_wconf 84' lang='lat' dir='ltr'>deposuerunt</span> <span class='ocrx_word' id='word_1_111' title='bbox 515 1057 606 1103; x_wconf 91' lang='lat' dir='ltr'>quod</span> <span class='ocrx_word' id='word_1_112' title='bbox 636 1057 807 1103; x_wconf 89' lang='lat' dir='ltr'>quondam</span> <span class='ocrx_word' id='word_1_113' title='bbox 836 1056 1017 1103; x_wconf 86' lang='lat' dir='ltr'>Margreta</span> <span class='ocrx_word' id='word_1_114' title='bbox 1036 1057 1174 1091; x_wconf 85' lang='lat' dir='ltr'>domina</span> <span class='ocrx_word' id='word_1_115' title='bbox 1192 1057 1235 1091; x_wconf 90' lang='lat' dir='ltr'>de</span> <span class='ocrx_word' id='word_1_116' title='bbox 1256 1057 1428 1104; x_wconf 83' lang='lat' dir='ltr'>Cowgran</span> <span class='ocrx_word' id='word_1_117' title='bbox 1457 1057 1522 1093; x_wconf 84' lang='lat' dir='ltr'>fuit</span> <span class='ocrx_word' id='word_1_118' title='bbox 1550 1058 1721 1105; x_wconf 89' lang='lat' dir='ltr'>quondam</span> 
     </span>
     <span class='ocr_line' id='line_1_14' title="bbox 261 1117 1722 1165; baseline 0 -12"><span class='ocrx_word' id='word_1_119' title='bbox 261 1119 398 1153; x_wconf 89' lang='lat' dir='ltr'>domina</span> <span class='ocrx_word' id='word_1_120' title='bbox 415 1117 498 1152; x_wconf 85' lang='lat' dir='ltr'>dicti</span> <span class='ocrx_word' id='word_1_121' title='bbox 516 1117 706 1152; x_wconf 86' lang='lat' dir='ltr'>tenementi</span> <span class='ocrx_word' id='word_1_122' title='bbox 726 1124 761 1152; x_wconf 89' lang='lat' dir='ltr'>et</span> <span class='ocrx_word' id='word_1_123' title='bbox 779 1117 869 1164; x_wconf 87' lang='lat' dir='ltr'>quod</span> <span class='ocrx_word' id='word_1_124' title='bbox 890 1117 1063 1153; x_wconf 86' lang='lat' dir='ltr'>concessit</span> <span class='ocrx_word' id='word_1_125' title='bbox 1080 1117 1223 1152; x_wconf 85' lang='lat' dir='ltr'>tradidit</span> <span class='ocrx_word' id='word_1_126' title='bbox 1241 1124 1276 1152; x_wconf 92' lang='lat' dir='ltr'>et</span> <span class='ocrx_word' id='word_1_127' title='bbox 1290 1118 1497 1153; x_wconf 89' lang='lat' dir='ltr'>deliberauit</span> <span class='ocrx_word' id='word_1_128' title='bbox 1515 1132 1577 1165; x_wconf 84' lang='lat' dir='ltr'>per</span> <span class='ocrx_word' id='word_1_129' title='bbox 1596 1124 1722 1153; x_wconf 89' lang='lat' dir='ltr'>statum</span> 
     </span>
     <span class='ocr_line' id='line_1_15' title="bbox 261 1178 1722 1224; baseline 0 -10"><span class='ocrx_word' id='word_1_130' title='bbox 261 1186 297 1214; x_wconf 89' lang='lat' dir='ltr'>et</span> <span class='ocrx_word' id='word_1_131' title='bbox 315 1178 473 1213; x_wconf 83' lang='lat' dir='ltr'>saisinam</span> <span class='ocrx_word' id='word_1_132' title='bbox 492 1178 734 1212; x_wconf 87' lang='lat' dir='ltr'>hereditariam</span> <span class='ocrx_word' id='word_1_133' title='bbox 756 1178 867 1212; x_wconf 88' lang='lat' dir='ltr'>Priori</span> <span class='ocrx_word' id='word_1_134' title='bbox 887 1185 969 1213; x_wconf 88' lang='lat' dir='ltr'>tunc</span> <span class='ocrx_word' id='word_1_135' title='bbox 987 1179 1151 1224; x_wconf 87' lang='lat' dir='ltr'>temporis</span> <span class='ocrx_word' id='word_1_136' title='bbox 1171 1179 1253 1214; x_wconf 83' lang='lat' dir='ltr'>dicti</span> <span class='ocrx_word' id='word_1_137' title='bbox 1281 1179 1345 1213; x_wconf 91' lang='lat' dir='ltr'>loci</span> <span class='ocrx_word' id='word_1_138' title='bbox 1365 1186 1401 1214; x_wconf 89' lang='lat' dir='ltr'>et</span> <span class='ocrx_word' id='word_1_139' title='bbox 1427 1180 1614 1214; x_wconf 81' lang='lat' dir='ltr'>conuentui</span> <span class='ocrx_word' id='word_1_140' title='bbox 1633 1180 1722 1215; x_wconf 91' lang='lat' dir='ltr'>eius-</span> 
     </span>
     <span class='ocr_line' id='line_1_16' title="bbox 261 1239 1723 1286; baseline 0.001 -12"><span class='ocrx_word' id='word_1_141' title='bbox 261 1240 337 1274; x_wconf 89' lang='lat' dir='ltr'>dem</span> <span class='ocrx_word' id='word_1_142' title='bbox 357 1252 419 1286; x_wconf 91' lang='lat' dir='ltr'>pro</span> <span class='ocrx_word' id='word_1_143' title='bbox 438 1239 507 1273; x_wconf 91' lang='lat' dir='ltr'>suis</span> <span class='ocrx_word' id='word_1_144' title='bbox 526 1239 743 1273; x_wconf 88' lang='lat' dir='ltr'>oracionibus</span> <span class='ocrx_word' id='word_1_145' title='bbox 762 1245 798 1273; x_wconf 90' lang='lat' dir='ltr'>et</span> <span class='ocrx_word' id='word_1_146' title='bbox 817 1239 990 1286; x_wconf 86' lang='lat' dir='ltr'>suffragiis</span> <span class='ocrx_word' id='word_1_147' title='bbox 1009 1239 1128 1274; x_wconf 88' lang='lat' dir='ltr'>decem</span> <span class='ocrx_word' id='word_1_148' title='bbox 1149 1239 1276 1274; x_wconf 88' lang='lat' dir='ltr'>solidos</span> <span class='ocrx_word' id='word_1_149' title='bbox 1296 1240 1401 1274; x_wconf 89' lang='lat' dir='ltr'>annui</span> <span class='ocrx_word' id='word_1_150' title='bbox 1419 1240 1575 1275; x_wconf 88' lang='lat' dir='ltr'>redditus</span> <span class='ocrx_word' id='word_1_151' title='bbox 1594 1253 1613 1275; x_wconf 88' lang='lat' dir='ltr'>a</span> <span class='ocrx_word' id='word_1_152' title='bbox 1631 1253 1668 1275; x_wconf 90' lang='lat' dir='ltr'>se</span> <span class='ocrx_word' id='word_1_153' title='bbox 1687 1247 1723 1275; x_wconf 89' lang='lat' dir='ltr'>et</span> 
     </span>
     <span class='ocr_line' id='line_1_17' title="bbox 259 1299 1722 1347; baseline 0 -12"><span class='ocrx_word' id='word_1_154' title='bbox 259 1300 446 1336; x_wconf 88' lang='lat' dir='ltr'>heredibus</span> <span class='ocrx_word' id='word_1_155' title='bbox 465 1300 534 1334; x_wconf 91' lang='lat' dir='ltr'>suis</span> <span class='ocrx_word' id='word_1_156' title='bbox 553 1299 727 1334; x_wconf 83' lang='lat' dir='ltr'>annuatim</span> <span class='ocrx_word' id='word_1_157' title='bbox 746 1300 789 1334; x_wconf 91' lang='lat' dir='ltr'>de</span> <span class='ocrx_word' id='word_1_158' title='bbox 805 1300 897 1334; x_wconf 79' lang='lat' dir='ltr'>dicto</span> <span class='ocrx_word' id='word_1_159' title='bbox 912 1306 1113 1335; x_wconf 86' lang='lat' dir='ltr'>tenemento</span> <span class='ocrx_word' id='word_1_160' title='bbox 1129 1300 1314 1335; x_wconf 89' lang='lat' dir='ltr'>soluendos</span> <span class='ocrx_word' id='word_1_161' title='bbox 1359 1300 1405 1335; x_wconf 87' lang='lat' dir='ltr'>Et</span> <span class='ocrx_word' id='word_1_162' title='bbox 1419 1301 1511 1347; x_wconf 90' lang='lat' dir='ltr'>quod</span> <span class='ocrx_word' id='word_1_163' title='bbox 1528 1301 1722 1336; x_wconf 90' lang='lat' dir='ltr'>Willelmus</span> 
     </span>
     <span class='ocr_line' id='line_1_18' title="bbox 261 1362 1723 1409; baseline 0 -12"><span class='ocrx_word' id='word_1_164' title='bbox 261 1363 504 1409; x_wconf 85' lang='lat' dir='ltr'>Danyelstone</span> <span class='ocrx_word' id='word_1_165' title='bbox 523 1362 625 1397; x_wconf 91' lang='lat' dir='ltr'>heres</span> <span class='ocrx_word' id='word_1_166' title='bbox 645 1369 680 1397; x_wconf 91' lang='lat' dir='ltr'>et</span> <span class='ocrx_word' id='word_1_167' title='bbox 700 1362 790 1396; x_wconf 90' lang='lat' dir='ltr'>filius</span> <span class='ocrx_word' id='word_1_168' title='bbox 809 1362 891 1396; x_wconf 85' lang='lat' dir='ltr'>dicti</span> <span class='ocrx_word' id='word_1_169' title='bbox 911 1363 1082 1409; x_wconf 89' lang='lat' dir='ltr'>quondam</span> <span class='ocrx_word' id='word_1_170' title='bbox 1110 1362 1291 1409; x_wconf 85' lang='lat' dir='ltr'>Margrete</span> <span class='ocrx_word' id='word_1_171' title='bbox 1320 1368 1356 1397; x_wconf 89' lang='lat' dir='ltr'>et</span> <span class='ocrx_word' id='word_1_172' title='bbox 1380 1362 1560 1398; x_wconf 83' lang='lat' dir='ltr'>Johaunes</span> <span class='ocrx_word' id='word_1_173' title='bbox 1581 1363 1723 1398; x_wconf 82' lang='lat' dir='ltr'>Smollat</span> 
     </span>
     <span class='ocr_line' id='line_1_19' title="bbox 262 1423 1722 1471; baseline 0 -13"><span class='ocrx_word' id='word_1_174' title='bbox 262 1424 377 1458; x_wconf 86' lang='lat' dir='ltr'>senior</span> <span class='ocrx_word' id='word_1_175' title='bbox 396 1429 431 1458; x_wconf 87' lang='lat' dir='ltr'>et</span> <span class='ocrx_word' id='word_1_176' title='bbox 447 1423 627 1459; x_wconf 85' lang='lat' dir='ltr'>Johannes</span> <span class='ocrx_word' id='word_1_177' title='bbox 646 1423 735 1457; x_wconf 87' lang='lat' dir='ltr'>filius</span> <span class='ocrx_word' id='word_1_178' title='bbox 755 1430 790 1458; x_wconf 89' lang='lat' dir='ltr'>et</span> <span class='ocrx_word' id='word_1_179' title='bbox 817 1423 920 1458; x_wconf 87' lang='lat' dir='ltr'>heres</span> <span class='ocrx_word' id='word_1_180' title='bbox 939 1423 1021 1458; x_wconf 84' lang='lat' dir='ltr'>dicti</span> <span class='ocrx_word' id='word_1_181' title='bbox 1052 1423 1223 1470; x_wconf 87' lang='lat' dir='ltr'>quondam</span> <span class='ocrx_word' id='word_1_182' title='bbox 1248 1423 1418 1459; x_wconf 71' lang='lat' dir='ltr'>,Iohannis</span> <span class='ocrx_word' id='word_1_183' title='bbox 1449 1424 1578 1471; x_wconf 89' lang='lat' dir='ltr'>absque</span> <span class='ocrx_word' id='word_1_184' title='bbox 1609 1424 1722 1471; x_wconf 88' lang='lat' dir='ltr'>aliquo</span> 
     </span>
     <span class='ocr_line' id='line_1_20' title="bbox 262 1484 1722 1531; baseline 0.001 -13"><span class='ocrx_word' id='word_1_185' title='bbox 262 1484 507 1531; x_wconf 88' lang='lat' dir='ltr'>impedimento</span> <span class='ocrx_word' id='word_1_186' title='bbox 527 1489 562 1518; x_wconf 90' lang='lat' dir='ltr'>et</span> <span class='ocrx_word' id='word_1_187' title='bbox 580 1484 757 1518; x_wconf 86' lang='lat' dir='ltr'>obstaculo</span> <span class='ocrx_word' id='word_1_188' title='bbox 785 1484 894 1518; x_wconf 86' lang='lat' dir='ltr'>dictos</span> <span class='ocrx_word' id='word_1_189' title='bbox 922 1484 1043 1518; x_wconf 89' lang='lat' dir='ltr'>decem</span> <span class='ocrx_word' id='word_1_190' title='bbox 1076 1484 1202 1518; x_wconf 84' lang='lat' dir='ltr'>solidos</span> <span class='ocrx_word' id='word_1_191' title='bbox 1234 1485 1337 1519; x_wconf 84' lang='lat' dir='ltr'>annui</span> <span class='ocrx_word' id='word_1_192' title='bbox 1370 1485 1525 1520; x_wconf 88' lang='lat' dir='ltr'>redditus</span> <span class='ocrx_word' id='word_1_193' title='bbox 1556 1485 1599 1519; x_wconf 91' lang='lat' dir='ltr'>de</span> <span class='ocrx_word' id='word_1_194' title='bbox 1631 1485 1722 1520; x_wconf 91' lang='lat' dir='ltr'>dicto</span> 
     </span>
     <span class='ocr_line' id='line_1_21' title="bbox 262 1544 1722 1591; baseline 0.001 -12"><span class='ocrx_word' id='word_1_195' title='bbox 262 1550 462 1579; x_wconf 87' lang='lat' dir='ltr'>tenemento</span> <span class='ocrx_word' id='word_1_196' title='bbox 487 1544 661 1578; x_wconf 85' lang='lat' dir='ltr'>annuatim</span> <span class='ocrx_word' id='word_1_197' title='bbox 694 1544 873 1579; x_wconf 90' lang='lat' dir='ltr'>soluerunt</span> <span class='ocrx_word' id='word_1_198' title='bbox 917 1545 963 1579; x_wconf 89' lang='lat' dir='ltr'>Et</span> <span class='ocrx_word' id='word_1_199' title='bbox 981 1545 1072 1591; x_wconf 90' lang='lat' dir='ltr'>quod</span> <span class='ocrx_word' id='word_1_200' title='bbox 1104 1545 1215 1579; x_wconf 83' lang='lat' dir='ltr'>dictus</span> <span class='ocrx_word' id='word_1_201' title='bbox 1246 1546 1341 1580; x_wconf 88' lang='lat' dir='ltr'>locus</span> <span class='ocrx_word' id='word_1_202' title='bbox 1372 1546 1445 1580; x_wconf 87' lang='lat' dir='ltr'>siue</span> <span class='ocrx_word' id='word_1_203' title='bbox 1477 1546 1722 1581; x_wconf 85' lang='lat' dir='ltr'>monasterium</span> 
     </span>
     <span class='ocr_line' id='line_1_22' title="bbox 262 1605 1721 1654; baseline 0.001 -15"><span class='ocrx_word' id='word_1_204' title='bbox 262 1605 453 1652; x_wconf 83' lang='lat' dir='ltr'>predictum</span> <span class='ocrx_word' id='word_1_205' title='bbox 481 1605 622 1651; x_wconf 84' lang='lat' dir='ltr'>pacifice</span> <span class='ocrx_word' id='word_1_206' title='bbox 649 1605 824 1650; x_wconf 79' lang='lat' dir='ltr'>gaudebat</span> <span class='ocrx_word' id='word_1_207' title='bbox 851 1605 979 1640; x_wconf 83' lang='lat' dir='ltr'>dictum</span> <span class='ocrx_word' id='word_1_208' title='bbox 1006 1618 1153 1640; x_wconf 88' lang='lat' dir='ltr'>annuum</span> <span class='ocrx_word' id='word_1_209' title='bbox 1182 1606 1355 1641; x_wconf 88' lang='lat' dir='ltr'>redditum</span> <span class='ocrx_word' id='word_1_210' title='bbox 1377 1620 1439 1654; x_wconf 93' lang='lat' dir='ltr'>pro</span> <span class='ocrx_word' id='word_1_211' title='bbox 1458 1607 1605 1642; x_wconf 89' lang='lat' dir='ltr'>termino</span> <span class='ocrx_word' id='word_1_212' title='bbox 1624 1608 1721 1654; x_wconf 90' lang='lat' dir='ltr'>quin-</span> 
     </span>
     <span class='ocr_line' id='line_1_23' title="bbox 263 1665 1720 1713; baseline 0.001 -13"><span class='ocrx_word' id='word_1_213' title='bbox 263 1671 437 1713; x_wconf 83' lang='lat' dir='ltr'>quagenta</span> <span class='ocrx_word' id='word_1_214' title='bbox 454 1677 621 1699; x_wconf 86' lang='lat' dir='ltr'>annorum</span> <span class='ocrx_word' id='word_1_215' title='bbox 667 1665 778 1712; x_wconf 83' lang='lat' dir='ltr'>Super</span> <span class='ocrx_word' id='word_1_216' title='bbox 797 1666 919 1712; x_wconf 90' lang='lat' dir='ltr'>quibus</span> <span class='ocrx_word' id='word_1_217' title='bbox 939 1666 1050 1700; x_wconf 87' lang='lat' dir='ltr'>dictus</span> <span class='ocrx_word' id='word_1_218' title='bbox 1078 1666 1201 1701; x_wconf 86' lang='lat' dir='ltr'>Frater</span> <span class='ocrx_word' id='word_1_219' title='bbox 1231 1666 1382 1702; x_wconf 85' lang='lat' dir='ltr'>Thomas</span> <span class='ocrx_word' id='word_1_220' title='bbox 1414 1668 1512 1702; x_wconf 88' lang='lat' dir='ltr'>Prior</span> <span class='ocrx_word' id='word_1_221' title='bbox 1543 1668 1624 1702; x_wconf 85' lang='lat' dir='ltr'>dicti</span> <span class='ocrx_word' id='word_1_222' title='bbox 1655 1668 1720 1702; x_wconf 87' lang='lat' dir='ltr'>loci</span> 
     </span>
     <span class='ocr_line' id='line_1_24' title="bbox 262 1726 1721 1775; baseline 0.001 -14"><span class='ocrx_word' id='word_1_223' title='bbox 262 1740 282 1762; x_wconf 90' lang='lat' dir='ltr'>a</span> <span class='ocrx_word' id='word_1_224' title='bbox 315 1740 369 1761; x_wconf 89' lang='lat' dir='ltr'>me</span> <span class='ocrx_word' id='word_1_225' title='bbox 405 1726 538 1761; x_wconf 89' lang='lat' dir='ltr'>notario</span> <span class='ocrx_word' id='word_1_226' title='bbox 573 1726 710 1773; x_wconf 88' lang='lat' dir='ltr'>publico</span> <span class='ocrx_word' id='word_1_227' title='bbox 746 1726 810 1761; x_wconf 83' lang='lat' dir='ltr'>sibi</span> <span class='ocrx_word' id='word_1_228' title='bbox 845 1727 920 1761; x_wconf 89' lang='lat' dir='ltr'>fieri</span> <span class='ocrx_word' id='word_1_229' title='bbox 955 1727 1055 1774; x_wconf 90' lang='lat' dir='ltr'>petiit</span> <span class='ocrx_word' id='word_1_230' title='bbox 1090 1727 1355 1762; x_wconf 82' lang='lat' dir='ltr'>instrumentum</span> <span class='ocrx_word' id='word_1_231' title='bbox 1394 1729 1576 1775; x_wconf 85' lang='lat' dir='ltr'>requirens</span> <span class='ocrx_word' id='word_1_232' title='bbox 1611 1729 1721 1763; x_wconf 87' lang='lat' dir='ltr'>dictos</span> 
     </span>
     <span class='ocr_line' id='line_1_25' title="bbox 263 1787 1722 1834; baseline 0.003 -13"><span class='ocrx_word' id='word_1_233' title='bbox 263 1788 407 1822; x_wconf 88' lang='lat' dir='ltr'>balliuos</span> <span class='ocrx_word' id='word_1_234' title='bbox 434 1800 497 1834; x_wconf 89' lang='lat' dir='ltr'>pro</span> <span class='ocrx_word' id='word_1_235' title='bbox 523 1787 651 1822; x_wconf 89' lang='lat' dir='ltr'>maiore</span> <span class='ocrx_word' id='word_1_236' title='bbox 683 1788 868 1822; x_wconf 88' lang='lat' dir='ltr'>securitate</span> <span class='ocrx_word' id='word_1_237' title='bbox 901 1794 936 1822; x_wconf 93' lang='lat' dir='ltr'>et</span> <span class='ocrx_word' id='word_1_238' title='bbox 967 1788 1143 1823; x_wconf 87' lang='lat' dir='ltr'>euidentia</span> <span class='ocrx_word' id='word_1_239' title='bbox 1173 1789 1420 1824; x_wconf 89' lang='lat' dir='ltr'>declaracionis</span> <span class='ocrx_word' id='word_1_240' title='bbox 1451 1790 1542 1825; x_wconf 87' lang='lat' dir='ltr'>dicte</span> <span class='ocrx_word' id='word_1_241' title='bbox 1561 1790 1655 1825; x_wconf 88' lang='lat' dir='ltr'>curie</span> <span class='ocrx_word' id='word_1_242' title='bbox 1687 1797 1722 1825; x_wconf 91' lang='lat' dir='ltr'>et</span> 
     </span>
     <span class='ocr_line' id='line_1_26' title="bbox 263 1848 1722 1898; baseline 0.002 -15"><span class='ocrx_word' id='word_1_243' title='bbox 263 1848 369 1884; x_wconf 88' lang='lat' dir='ltr'>assise</span> <span class='ocrx_word' id='word_1_244' title='bbox 387 1861 450 1895; x_wconf 90' lang='lat' dir='ltr'>pro</span> <span class='ocrx_word' id='word_1_245' title='bbox 469 1848 583 1894; x_wconf 88' lang='lat' dir='ltr'>sigillo</span> <span class='ocrx_word' id='word_1_246' title='bbox 602 1848 700 1895; x_wconf 86' lang='lat' dir='ltr'>officij</span> <span class='ocrx_word' id='word_1_247' title='bbox 730 1848 812 1883; x_wconf 90' lang='lat' dir='ltr'>dicti</span> <span class='ocrx_word' id='word_1_248' title='bbox 840 1849 940 1895; x_wconf 85' lang='lat' dir='ltr'>burgi</span> <span class='ocrx_word' id='word_1_249' title='bbox 968 1849 1048 1884; x_wconf 91' lang='lat' dir='ltr'>huic</span> <span class='ocrx_word' id='word_1_250' title='bbox 1079 1850 1145 1884; x_wconf 89' lang='lat' dir='ltr'>mei</span> <span class='ocrx_word' id='word_1_251' title='bbox 1176 1850 1406 1885; x_wconf 90' lang='lat' dir='ltr'>instrumento</span> <span class='ocrx_word' id='word_1_252' title='bbox 1437 1851 1587 1898; x_wconf 89' lang='lat' dir='ltr'>appendi</span> <span class='ocrx_word' id='word_1_253' title='bbox 1631 1851 1722 1886; x_wconf 86' lang='lat' dir='ltr'>Acta</span> 
     </span>
     <span class='ocr_line' id='line_1_27' title="bbox 264 1909 1723 1956; baseline 0.002 -12"><span class='ocrx_word' id='word_1_254' title='bbox 264 1915 363 1944; x_wconf 85' lang='lat' dir='ltr'>erant</span> <span class='ocrx_word' id='word_1_255' title='bbox 381 1909 445 1943; x_wconf 85' lang='lat' dir='ltr'>hec</span> <span class='ocrx_word' id='word_1_256' title='bbox 462 1909 497 1943; x_wconf 90' lang='lat' dir='ltr'>in</span> <span class='ocrx_word' id='word_1_257' title='bbox 517 1909 677 1944; x_wconf 88' lang='lat' dir='ltr'>Pretorio</span> <span class='ocrx_word' id='word_1_258' title='bbox 696 1909 778 1944; x_wconf 89' lang='lat' dir='ltr'>dicti</span> <span class='ocrx_word' id='word_1_259' title='bbox 796 1910 898 1956; x_wconf 79' lang='lat' dir='ltr'>burgi</span> <span class='ocrx_word' id='word_1_260' title='bbox 931 1910 1015 1944; x_wconf 89' lang='lat' dir='ltr'>hora</span> <span class='ocrx_word' id='word_1_261' title='bbox 1032 1910 1165 1946; x_wconf 90' lang='lat' dir='ltr'>decima</span> <span class='ocrx_word' id='word_1_262' title='bbox 1194 1917 1273 1946; x_wconf 87' lang='lat' dir='ltr'>ante</span> <span class='ocrx_word' id='word_1_263' title='bbox 1305 1911 1483 1946; x_wconf 87' lang='lat' dir='ltr'>meridiem</span> <span class='ocrx_word' id='word_1_264' title='bbox 1502 1912 1556 1946; x_wconf 92' lang='lat' dir='ltr'>vel</span> <span class='ocrx_word' id='word_1_265' title='bbox 1589 1912 1723 1947; x_wconf 86' lang='lat' dir='ltr'>eocirca</span> 
     </span>
     <span class='ocr_line' id='line_1_28' title="bbox 266 1968 1721 2019; baseline 0.003 -16"><span class='ocrx_word' id='word_1_266' title='bbox 266 1968 490 2004; x_wconf 87' lang='lat' dir='ltr'>Presentibus</span> <span class='ocrx_word' id='word_1_267' title='bbox 517 1969 663 2003; x_wconf 88' lang='lat' dir='ltr'>testibus</span> <span class='ocrx_word' id='word_1_268' title='bbox 690 1969 817 2004; x_wconf 89' lang='lat' dir='ltr'>ibidem</span> <span class='ocrx_word' id='word_1_269' title='bbox 848 1970 1106 2006; x_wconf 86' lang='lat' dir='ltr'>honorabilibus</span> <span class='ocrx_word' id='word_1_270' title='bbox 1135 1977 1171 2006; x_wconf 88' lang='lat' dir='ltr'>et</span> <span class='ocrx_word' id='word_1_271' title='bbox 1201 1972 1359 2007; x_wconf 87' lang='lat' dir='ltr'>discretis</span> <span class='ocrx_word' id='word_1_272' title='bbox 1390 1973 1620 2019; x_wconf 86' lang='lat' dir='ltr'>burgensibus</span> <span class='ocrx_word' id='word_1_273' title='bbox 1639 1973 1721 2007; x_wconf 87' lang='lat' dir='ltr'>dicti</span> 
     </span>
     <span class='ocr_line' id='line_1_29' title="bbox 264 2028 1721 2079; baseline 0.003 -17"><span class='ocrx_word' id='word_1_274' title='bbox 264 2029 366 2075; x_wconf 84' lang='lat' dir='ltr'>burgi</span> <span class='ocrx_word' id='word_1_275' title='bbox 419 2028 543 2063; x_wconf 89' lang='lat' dir='ltr'>Colino</span> <span class='ocrx_word' id='word_1_276' title='bbox 576 2029 743 2076; x_wconf 89' lang='lat' dir='ltr'>Campbel</span> <span class='ocrx_word' id='word_1_277' title='bbox 782 2030 853 2064; x_wconf 90' lang='lat' dir='ltr'>filio</span> <span class='ocrx_word' id='word_1_278' title='bbox 884 2031 1000 2065; x_wconf 87' lang='lat' dir='ltr'>militis</span> <span class='ocrx_word' id='word_1_279' title='bbox 1054 2031 1189 2067; x_wconf 91' lang='lat' dir='ltr'>Thoma</span> <span class='ocrx_word' id='word_1_280' title='bbox 1216 2032 1343 2067; x_wconf 88' lang='lat' dir='ltr'>Palmir</span> <span class='ocrx_word' id='word_1_281' title='bbox 1395 2033 1529 2067; x_wconf 91' lang='lat' dir='ltr'>Thoma</span> <span class='ocrx_word' id='word_1_282' title='bbox 1555 2033 1721 2079; x_wconf 85' lang='lat' dir='ltr'>Dowglas</span> 
     </span>
     <span class='ocr_line' id='line_1_30' title="bbox 265 2088 1720 2140; baseline 0.003 -17"><span class='ocrx_word' id='word_1_283' title='bbox 265 2088 383 2123; x_wconf 89' lang='lat' dir='ltr'>Dauid</span> <span class='ocrx_word' id='word_1_284' title='bbox 418 2088 580 2123; x_wconf 86' lang='lat' dir='ltr'>Fallisdal</span> <span class='ocrx_word' id='word_1_285' title='bbox 644 2090 800 2125; x_wconf 80' lang='lat' dir='ltr'>Roberto</span> <span class='ocrx_word' id='word_1_286' title='bbox 840 2091 950 2126; x_wconf 85' lang='lat' dir='ltr'>Leich</span> <span class='ocrx_word' id='word_1_287' title='bbox 1001 2092 1162 2128; x_wconf 88' lang='lat' dir='ltr'>Johanne</span> <span class='ocrx_word' id='word_1_288' title='bbox 1202 2093 1311 2128; x_wconf 89' lang='lat' dir='ltr'>Elder</span> <span class='ocrx_word' id='word_1_289' title='bbox 1364 2094 1502 2129; x_wconf 88' lang='lat' dir='ltr'>Simone</span> <span class='ocrx_word' id='word_1_290' title='bbox 1543 2094 1720 2140; x_wconf 88' lang='lat' dir='ltr'>Akynhed</span> 
     </span>
     <span class='ocr_line' id='line_1_31' title="bbox 267 2147 1720 2202; baseline 0.006 -21"><span class='ocrx_word' id='word_1_291' title='bbox 267 2148 402 2182; x_wconf 86' lang='lat' dir='ltr'>Thoma</span> <span class='ocrx_word' id='word_1_292' title='bbox 439 2147 600 2183; x_wconf 84' lang='lat' dir='ltr'>Gardner</span> <span class='ocrx_word' id='word_1_293' title='bbox 653 2150 787 2185; x_wconf 87' lang='lat' dir='ltr'>Thoma</span> <span class='ocrx_word' id='word_1_294' title='bbox 818 2152 916 2186; x_wconf 88' lang='lat' dir='ltr'>Kirle</span> <span class='ocrx_word' id='word_1_295' title='bbox 967 2152 1127 2188; x_wconf 88' lang='lat' dir='ltr'>Johanne</span> <span class='ocrx_word' id='word_1_296' title='bbox 1159 2154 1305 2188; x_wconf 86' lang='lat' dir='ltr'>Scherar</span> <span class='ocrx_word' id='word_1_297' title='bbox 1361 2154 1517 2202; x_wconf 83' lang='lat' dir='ltr'>Georgio</span> <span class='ocrx_word' id='word_1_298' title='bbox 1545 2154 1720 2189; x_wconf 86' lang='lat' dir='ltr'>Fallisdail</span> 
     </span>
     <span class='ocr_line' id='line_1_32' title="bbox 268 2208 1720 2260; baseline 0.006 -19"><span class='ocrx_word' id='word_1_299' title='bbox 268 2209 423 2243; x_wconf 81' lang='lat' dir='ltr'>Roberto</span> <span class='ocrx_word' id='word_1_300' title='bbox 451 2208 614 2243; x_wconf 85' lang='lat' dir='ltr'>Fallisdal</span> <span class='ocrx_word' id='word_1_301' title='bbox 658 2210 787 2245; x_wconf 87' lang='lat' dir='ltr'>Allano</span> <span class='ocrx_word' id='word_1_302' title='bbox 817 2211 978 2247; x_wconf 87' lang='lat' dir='ltr'>Buntene</span> <span class='ocrx_word' id='word_1_303' title='bbox 1024 2213 1180 2248; x_wconf 89' lang='lat' dir='ltr'>Roberto</span> <span class='ocrx_word' id='word_1_304' title='bbox 1201 2214 1346 2260; x_wconf 89' lang='lat' dir='ltr'>Atkyne</span> <span class='ocrx_word' id='word_1_305' title='bbox 1392 2215 1596 2250; x_wconf 84' lang='lat' dir='ltr'>Alexandro</span> <span class='ocrx_word' id='word_1_306' title='bbox 1624 2215 1720 2249; x_wconf 83' lang='lat' dir='ltr'>Mac-</span> 
     </span>
    </p>
   </div>
   <div class='ocr_carea' id='block_1_3' title="bbox 267 2268 1718 2382">
    <p class='ocr_par' dir='ltr' id='par_1_3' title="bbox 267 2268 1718 2382">
     <span class='ocr_line' id='line_1_33' title="bbox 267 2268 1718 2312; baseline 0.003 -8"><span class='ocrx_word' id='word_1_307' title='bbox 267 2270 334 2304; x_wconf 89' lang='lat' dir='ltr'>less</span> <span class='ocrx_word' id='word_1_308' title='bbox 365 2275 401 2302; x_wconf 88' lang='lat' dir='ltr'>et</span> <span class='ocrx_word' id='word_1_309' title='bbox 429 2268 588 2303; x_wconf 87' lang='lat' dir='ltr'>Johanne</span> <span class='ocrx_word' id='word_1_310' title='bbox 622 2270 808 2305; x_wconf 87' lang='lat' dir='ltr'>Custumer</span> <span class='ocrx_word' id='word_1_311' title='bbox 835 2272 971 2307; x_wconf 88' lang='lat' dir='ltr'>seniore</span> <span class='ocrx_word' id='word_1_312' title='bbox 1004 2286 1079 2307; x_wconf 88' lang='lat' dir='ltr'>cum</span> <span class='ocrx_word' id='word_1_313' title='bbox 1106 2275 1222 2309; x_wconf 88' lang='lat' dir='ltr'>multis</span> <span class='ocrx_word' id='word_1_314' title='bbox 1252 2275 1326 2309; x_wconf 86' lang='lat' dir='ltr'>aliis</span> <span class='ocrx_word' id='word_1_315' title='bbox 1357 2296 1363 2302; x_wconf 91' lang='lat'><strong>·</strong></span> <span class='ocrx_word' id='word_1_316' title='bbox 1391 2276 1529 2310; x_wconf 91' lang='lat' dir='ltr'>domino</span> <span class='ocrx_word' id='word_1_317' title='bbox 1559 2276 1718 2312; x_wconf 86' lang='lat' dir='ltr'>Johanne</span> 
     </span>
     <span class='ocr_line' id='line_1_34' title="bbox 267 2329 1456 2382; baseline 0.007 -20"><span class='ocrx_word' id='word_1_318' title='bbox 267 2329 477 2363; x_wconf 87' lang='lat' dir='ltr'>Finlosoune</span> <span class='ocrx_word' id='word_1_319' title='bbox 496 2329 689 2374; x_wconf 88' lang='lat' dir='ltr'>presbitero</span> <span class='ocrx_word' id='word_1_320' title='bbox 710 2331 956 2367; x_wconf 65' lang='lat' dir='ltr'>Sanctiandree</span> <span class='ocrx_word' id='word_1_321' title='bbox 975 2333 1122 2368; x_wconf 86' lang='lat' dir='ltr'>diocesis</span> <span class='ocrx_word' id='word_1_322' title='bbox 1141 2335 1274 2369; x_wconf 81' lang='lat' dir='ltr'>notario</span> <span class='ocrx_word' id='word_1_323' title='bbox 1292 2335 1428 2382; x_wconf 87' lang='lat' dir='ltr'>publico</span> <span class='ocrx_word' id='word_1_324' title='bbox 1450 2356 1456 2362; x_wconf 86' lang='lat'><strong>·</strong></span> 
     </span>
    </p>
   </div>
  </div>
 </body>
</html>
