1922 2764
659 231 700 266 Β.
728 231 775 266 V.
804 230 972 266 MARIE
1000 231 1069 266 ET
1098 232 1132 267 S.
1163 232 1318 267 ANNE*
1628 237 1694 269 135

234 341 279 364 ex
298 329 457 363 orientali
480 361 486 366 ,
508 329 597 363 Item
616 329 717 363 vnius
744 341 821 364 acre
846 328 994 375 jacentis
1012 328 1047 362 in
1074 329 1110 375 ly
1130 329 1323 364 Brvmelaw
1350 330 1440 364 inter
1459 336 1568 365 terras
1588 344 1695 377 quon—

233 390 309 424 dam
331 390 425 424 Petri
442 389 556 424 Adam
573 402 617 424 ex
632 389 837 424 occidentali
853 395 888 424 et
902 396 1013 424 terras
1028 389 1107 423 olim
1126 389 1296 431 Johannis
1313 389 1427 423 lVann
1448 403 1492 424 ex
1507 391 1665 425 orientali
1687 412 1693 418 ·

233 450 322 484 Item
341 450 441 484 vnius
468 450 544 496 rige
570 456 664 485 terre
687 450 835 497 jacentis
863 450 896 484 in
923 450 1043 484 eadem
1063 449 1172 484 crofta
1198 449 1289 484 inter
1308 456 1418 484 terras
1437 451 1518 485 dicti
1538 451 1616 484 olim
1634 451 1694 487 Jo-

231 510 355 544 hannis
376 510 489 544 Wann
510 523 555 544 ex
570 510 729 545 orientali
748 516 783 545 et
797 516 907 545 terras
929 510 1122 557 Hospitalis
1144 510 1260 545 Sancti
1280 509 1454 544 Nicholaii
1474 524 1519 544 ex
1537 511 1694 545 occiden-

231 569 291 603 tali
313 590 319 595 ·
343 569 430 604 Item
449 570 708 616 quatuordecim
729 571 915 605 solidorum
934 571 1037 604 annui
1065 570 1222 605 redditus
1242 570 1285 604 de
1304 576 1504 605 tenemento
1523 571 1693 617 quondam

235 629 400 664 Willelmi
418 629 645 676 Fynnisoune
664 630 698 664 in
718 631 774 665 via
791 644 857 678 que
877 631 971 665 ducit
989 631 1031 665 ad
1053 631 1197 665 Pontem
1219 631 1332 665 Clude
1360 643 1404 665 ex
1431 631 1571 665 australi
1597 638 1694 678 parte

234 690 389 725 eiusdem
405 698 414 726 Ι
430 689 522 724 inter
540 695 651 725 terras
666 691 836 737 quondam
855 691 1001 726 Roberti
1018 691 1166 738 Cowper
1181 704 1226 725 ex
1240 690 1399 725 orientali
1415 696 1450 725 et
1463 696 1574 725 terras
1589 704 1695 737 quon-

233 750 309 784 dam
332 749 478 784 Roberti
496 749 671 796 Flemyng
690 763 735 785 ex
753 751 958 785 occidentali
981 772 987 778 ·
1011 751 1099 786 Item
1114 751 1215 785 vnius
1233 751 1337 786 bothe
1353 751 1502 797 jacentis
1520 751 1553 785 in
1575 752 1695 786 eadem

232 811 289 845 via
301 823 346 845 ex
356 816 454 858 parte
470 810 675 845 occidentali
692 811 846 846 eiusdem
860 820 868 847 l
882 824 1026 846 vnacum
1040 812 1186 859 quadam
1198 818 1294 847 vasta
1308 818 1405 859 parte
1422 818 1516 847 terre
1531 812 1694 858 contigue

233 872 347 906 eidem
362 871 542 906 adiacente
557 884 602 907 ex
619 877 718 919 parte
734 872 897 907 anteriori
913 872 1004 907 dicte
1018 873 1124 907 bothe
1142 881 1150 908 l
1166 873 1257 907 inter
1271 878 1382 907 terras
1396 873 1518 908 Jacobi
1537 873 1694 907 Gibsone

233 945 278 967 ex
297 932 502 967 occidentali
521 938 556 968 et
573 938 685 967 terras
981 946 1025 968 ex
1052 933 1211 968 orientali
1234 954 1239 960 ·
1263 933 1351 968 Item
1378 933 1479 968 trium
1508 933 1695 967 solidorum

233 992 338 1027 annui
364 992 521 1027 redditus
541 993 584 1027 de
603 998 803 1027 tenemento
824 992 965 1027 Niniani
989 993 1078 1028 Ross
1097 994 1260 1040 contigue
1280 994 1460 1028 adiacente
1479 994 1571 1028 dicte
1590 994 1694 1028 bothe

235 1058 270 1087 et
289 1066 333 1088 ex
350 1059 448 1100 parte
467 1053 651 1100 posteriori
671 1053 825 1088 eiusdem
842 1054 1002 1100 [jacente
1018 1060 1055 1089 vt
1073 1067 1177 1101 supra
1198 1075 1204 1081 -
1228 1054 1316 1089 Item
1332 1055 1453 1089 decem
1472 1054 1572 1089 solidi
1591 1054 1694 1088 annui

233 1114 390 1148 redditus
406 1114 449 1148 de
464 1119 665 1149 tenemento
680 1114 850 1160 quondam
871 1114 1005 1148 Mathei
1022 1114 1203 1161 Campbell
1217 1123 1225 1151 l
1240 1121 1275 1149 et
1292 1115 1370 1149 olim
1385 1115 1555 1150 Johannis
1573 1115 1669 1149 Scott
1685 1123 1694 1150 l

229 1174 368 1221 jacente
387 1187 432 1209 ex
449 1180 547 1222 parte
567 1174 708 1209 australi
728 1174 833 1209 Porte
853 1174 1028 1209 Australis
1047 1175 1081 1209 in
1100 1175 1155 1210 via
1173 1188 1239 1222 que
1259 1175 1354 1210 ducit
1372 1176 1415 1210 ad
1434 1175 1581 1210 Pontem
1599 1181 1695 1209 trans

234 1233 381 1270 Cludam
397 1244 406 1271 Ι
423 1235 514 1269 inter
531 1241 642 1270 terras
657 1235 829 1282 quondam
848 1234 1043 1269 Alexandri
1065 1235 1231 1270 Hommill
1247 1248 1292 1271 ex
1309 1236 1440 1270 boreali
1456 1242 1491 1270 et
1504 1242 1695 1270 torrentem

232 1295 276 1330 de
295 1295 531 1342 Malyndonar
549 1308 594 1330 ex
611 1295 752 1330 australi
775 1316 781 1322 ·
804 1295 891 1330 Item
908 1296 1028 1330 decem
1048 1296 1234 1330 solidorum
1250 1296 1292 1330 de
1308 1302 1508 1331 tenemento
1522 1296 1694 1343 quondam

234 1355 369 1390 Thome
389 1356 600 1403 Blythmann
619 1356 723 1390 annui
741 1356 899 1391 redditus
915 1356 1075 1402 [jacente
1095 1369 1139 1391 ex
1157 1362 1254 1403 parte
1274 1356 1433 1391 orientali
1448 1356 1503 1391 vie
1518 1369 1584 1403 que
1600 1356 1695 1391 ducit

232 1429 252 1451 a
265 1416 380 1452 Cruce
395 1417 510 1451 Forali
524 1430 633 1464 vsque
650 1417 788 1451 Portam
805 1417 1005 1452 Australem
1021 1418 1112 1452 inter
1127 1423 1237 1452 terras
1255 1417 1403 1463 Georgii
1421 1417 1634 1451 Cliddisdale
1650 1430 1694 1452 ex

230 1477 362 1512 boreali
380 1484 416 1512 et
433 1483 544 1512 terras
565 1477 737 1525 quondam
759 1477 905 1512 Roberti
926 1478 1013 1512 Blak
1032 1490 1076 1512 ex
1095 1478 1235 1512 australi
1258 1499 1264 1505 ·
1288 1478 1377 1512 Item
1395 1483 1542 1524 quatuor
1570 1477 1693 1511 solido-

230 1551 305 1573 rum
325 1538 369 1573 de
387 1544 588 1573 tenemento
606 1551 699 1572 nunc
717 1544 896 1585 spectante
917 1538 1093 1573 'Willelmo
1113 1538 1309 1573 Louthiane
1331 1539 1470 1585 jacente
1489 1538 1523 1572 in
1542 1538 1618 1572 vico
1637 1538 1694 1584 qui

231 1599 327 1634 ducit
345 1612 364 1634 a
383 1598 497 1634 Cruce
520 1599 637 1633 Forali
663 1599 704 1633 ad
734 1599 872 1633 Portam
894 1599 1157 1634 Occidentalen]
1177 1612 1222 1634 ex
1248 1605 1346 1646 parte
1364 1599 1494 1633 boreali
1514 1599 1667 1633 eiusdem
1685 1608 1693 1634 l

230 1659 322 1694 inter
340 1665 450 1694 terras
478 1659 597 1694 Dauid
619 1659 811 1706 Lyndesay
830 1672 874 1694 ex
893 1659 1053 1694 orientali
1070 1668 1079 1695 Ι
1095 1666 1206 1694 terras
1237 1660 1381 1694 Roberti
1410 1660 1525 1706 Bogill
1544 1672 1587 1694 ex
1607 1659 1693 1693 occi-

231 1720 362 1754 dentali
384 1741 389 1746 ·
413 1720 502 1754 Item
529 1732 592 1754 sex
618 1720 806 1754 solidorum
831 1720 934 1754 annui
961 1720 1120 1755 redditus
1139 1720 1182 1754 de
1201 1726 1401 1754 tenemento
1430 1720 1567 1754 Patricii
1597 1720 1693 1753 Scott

227 1780 367 1827 jacente
386 1780 421 1814 in
440 1781 532 1815 dicta
550 1780 690 1815 ciuitate
709 1781 743 1814 in
764 1781 818 1816 via
836 1793 902 1827 que
930 1781 1025 1815 ducit
1044 1793 1063 1815 a
1083 1780 1276 1820 Quadriuio
1303 1780 1345 1813 ad
1374 1780 1505 1813 Locum
1534 1779 1691 1813 Fratrum

232 1841 492 1876 Predieatorum
512 1854 556 1876 ex
574 1848 672 1889 parte
692 1842 850 1876 orientali
870 1842 952 1876 dicti
971 1841 1037 1876 vici
1054 1851 1062 1878 l
1079 1842 1170 1876 inter
1187 1848 1298 1876 terras
1318 1841 1488 1887 quondam
1509 1840 1691 1875 Michaelis

230 1901 405 1948 Flemyng
422 1914 468 1936 ex
485 1902 626 1937 australi
645 1908 680 1937 et
697 1908 809 1937 terras
831 1902 979 1936 Henrici
999 1902 1180 1936 Wilsoune
1200 1914 1245 1935 ex
1262 1901 1393 1935 boreali
1411 1900 1566 1947 partibus
1588 1921 1594 1927 ·
1619 1901 1689 1941 Qui

230 1974 314 1997 vero
332 1962 491 1997 dominus
510 1962 685 1997 Martinus
705 1963 797 1998 Reid
816 1962 961 1997 accessit
980 1961 1207 2008 personaliter
1222 1961 1265 1995 ad
1283 1961 1391 1994 dictas
1411 1966 1521 1994 terras
1540 1966 1575 1995 et
1594 1967 1690 1995 tene-

229 2029 346 2058 menta
361 2031 370 2059 Ι
387 2029 422 2058 et
439 2023 567 2058 ibidem
587 2023 662 2058 zelo
690 2023 760 2057 Dei
781 2022 1040 2069 Omnipotentis
1069 2020 1180 2055 Patris
1199 2026 1234 2054 et
1260 2020 1339 2054 Filii
1367 2025 1402 2054 et
1431 2020 1689 2066 Spiritussancti

229 2083 413 2118 inclinatus
429 2092 438 2120 l
455 2089 490 2118 et
507 2096 570 2131 pro
589 2084 699 2118 salute
718 2083 830 2118 anime
850 2095 911 2116 sue
937 2086 1119 2128 parentum
1138 2086 1173 2114 et
1191 2079 1527 2126 consanguineorum
1552 2093 1688 2114 suorum

228 2149 264 2178 et
282 2144 432 2178 omnium
450 2144 602 2179 fidelium
621 2144 861 2178 defunctorum
879 2152 887 2179 l
904 2148 940 2176 et
965 2147 1107 2188 propter
1134 2140 1318 2187 specialem
1341 2140 1562 2175 deuotionem
1589 2153 1689 2187 quarn

229 2217 314 2251 erga
331 2205 577 2240 Intemeratam
592 2204 778 2250 Virginem
797 2203 868 2237 Dei
886 2201 1091 2248 genitricem
1110 2201 1202 2247 gerit
1218 2210 1227 2237 l
1244 2206 1279 2236 et
1293 2206 1330 2235 vt
1348 2201 1462 2236 cultus
1482 2201 1553 2236 Dei
1570 2201 1689 2236 Omni-

226 2265 379 2312 potentis
397 2265 672 2311 Beatissimeque
692 2263 805 2298 Marie
823 2262 980 2309 Virginis
995 2266 1032 2296 et
1048 2261 1211 2296 Omnium
1232 2261 1437 2296 Sanctorum
1456 2261 1548 2296 intra
1568 2261 1688 2296 Eccle-
