1922 2764
585 284 626 318 B.
656 284 703 318 V.
731 284 901 318 MARIE
929 283 997 318 ET
1025 284 1060 319 S.
1091 284 1250 319 ANNE.
1604 289 1649 326 77

191 387 293 416 entur
318 381 453 428 prefato
472 381 636 428 magistro
653 381 676 417 J
679 381 785 416 acobo
804 387 839 416 et
857 381 927 415 suis
954 381 1155 427 prescriptis
1182 382 1311 428 absque
1333 382 1572 428 recognitione
1591 391 1649 418 aut

126 482 129 486 ‘
186 442 274 489 juris
303 442 450 489 strepitu
478 442 739 489 quibuscunque
767 462 773 468 ·
802 441 873 482 Qui
902 441 1004 476 etiam
1035 441 1201 487 magister
1230 441 1381 477 Jacobus
1415 442 1582 488 obligauit
1612 456 1648 478 se

188 502 338 537 heredes
363 515 442 536 suos
461 508 497 537 et
513 502 707 549 assignatos
733 502 777 536 ad
803 502 1027 537 releuandum
1048 508 1084 537 et
1108 502 1313 548 indempnes
1340 503 1547 536 seruandum
1572 516 1649 549 pre·

189 562 277 597 fatos
306 562 398 596 viros
425 568 461 597 et
488 575 605 597 eorum
633 563 782 597 heredes
809 568 844 597 et
870 562 1063 609 assignatos
1088 562 1131 597 de
1159 562 1315 596 omnibus
1343 569 1378 596 et
1405 562 1549 609 singulis
1576 563 1650 598 aliis

189 623 312 657 annuis
329 623 522 657 redditibus
542 623 585 658 de
604 623 704 658 dictis
722 623 932 658 tenementis
950 635 1042 657 nune
1061 622 1269 657 debentibus
1285 631 1294 659 Ι
1310 622 1406 656 firma
1423 622 1557 668 burgali
1577 628 1649 657 tan-

189 683 364 718 tummodo
395 689 543 730 excepta
566 691 575 720 l
599 683 796 730 Eapropter
831 683 1052 718 causantibus
1086 683 1263 730 premissis
1297 683 1451 729 prefatus
1486 683 1650 729 magister

188 743 340 779 Jacobus
357 742 553 777 huiusmodi
571 749 772 778 tenementa
789 756 864 778 cum
884 756 1010 790 magno
1031 744 1131 778 horto
1151 750 1186 778 et
1204 743 1422 790 pertinentiis
1442 743 1475 777 in
1494 743 1650 778 manibus

189 803 271 837 dicti
291 802 426 837 Thome
444 803 562 837 balliui
581 803 782 850 simpliciter
800 804 992 850 resignauit
1008 812 1016 840 Ι
1036 804 1115 844 Qua
1132 803 1368 850 resignatione
1387 803 1436 838 sio
1453 803 1542 838 facta
1560 804 1649 838 idem

188 863 336 898 balliuus
355 869 479 898 statum
494 869 530 897 et
549 863 707 898 saisinam
726 864 955 898 hereditarios
970 864 1139 898 dictorum
1154 870 1431 898 tenementorum
1449 863 1650 910 prescriptis

188 924 339 960 Johanni
359 924 510 958 Tarbart
529 923 664 959 Thome
686 924 798 960 Adam
826 925 982 959 Roberto
1002 924 1154 971 Tempill
1171 924 1323 960 Johanni
1351 924 1429 959 Bell
1447 931 1483 959 et
1499 924 1651 961 Johanni

187 984 406 1020 Johnstoune
426 997 613 1031 eorumque
632 984 820 1019 heredibus
835 991 871 1020 et
889 985 1071 1032 assignatis
1091 985 1291 1032 singillatim
1306 992 1342 1019 et
1356 985 1551 1020 successiue
1567 986 1650 1020 deli-

189 1044 325 1079 berauit
350 1053 359 1081 Ι
387 1045 563 1080 Soluendo
597 1045 678 1079 inde
713 1058 845 1080 annuos
881 1046 1036 1080 redditus
1070 1046 1281 1093 prescriptos
1312 1059 1458 1080 vnacum
1489 1046 1650 1081 clausulis

189 1105 417 1140 restrictionis
432 1106 526 1153 prius
541 1106 681 1140 insertis
698 1114 706 1142 l
724 1106 770 1140 Et
783 1107 938 1153 presenti
954 1107 1184 1141 instrumento
1199 1107 1348 1153 sigillum
1364 1120 1543 1141 commune
1559 1107 1649 1142 dicte

189 1166 338 1201 ciuitatis
356 1167 505 1214 appendi
524 1180 543 1201 a
557 1167 649 1201 dicto
664 1167 791 1201 balliuo
806 1167 896 1202 idem
914 1168 1079 1214 magister
1096 1168 1248 1203 Jacobus
1263 1168 1380 1202 debita
1394 1180 1471 1202 cum
1490 1168 1650 1203 instantia

188 1227 387 1274 procurauit
408 1248 414 1254 -
440 1227 664 1262 Presentibus
692 1228 819 1262 ibidem
846 1228 1005 1263 discretis
1024 1228 1107 1263 viris
1128 1228 1303 1263 Willelmo
1329 1228 1442 1262 Adam
1469 1228 1650 1263 Bartholo-

189 1301 265 1322 meo
306 1288 479 1323 Liburnar
518 1289 656 1323 domino
694 1289 855 1324 Johanne
892 1289 1076 1325 Caulduoll
1116 1289 1294 1336 capellano
1335 1289 1470 1324 Thoma
1510 1289 1649 1324 Brovne

190 1347 335 1383 Matheo
354 1348 445 1383 Park
464 1355 499 1383 et
522 1349 686 1383 Eduardo
714 1349 885 1384 Belhouss
908 1370 914 1376 ·
937 1349 1005 1384 ET
1032 1349 1141 1385 EGO
1172 1349 1359 1384 Nicholaus
1380 1350 1648 1397 XVithirspowne

189 1409 312 1443 artium
331 1409 495 1456 magister
513 1410 698 1456 presbyter
720 1409 951 1456 Glasguensis
970 1410 1117 1444 diocesis
1143 1409 1301 1457 publicus
1329 1423 1425 1444 sacra
1445 1411 1648 1445 auctoritate

191 1469 394 1516 Apostolica
412 1469 565 1504 notarius
618 1469 711 1510 Quia
732 1468 827 1516 [etos]

189 1617 260 1682 IN
284 1649 374 1683 DEI
400 1648 607 1684 NOMINE
629 1649 744 1684 Amen
766 1671 772 1677 ·
797 1650 864 1685 Per
882 1650 947 1684 hoc
964 1650 1137 1697 publicum
1157 1650 1422 1685 instrumentum
1442 1651 1574 1685 cunctis
1592 1664 1648 1698 pa-

190 1714 261 1743 teat
286 1710 378 1755 quod
404 1722 494 1744 anno
520 1709 766 1745 incarnationis
798 1710 982 1745 Dominice
1010 1710 1190 1744 millesimo
1217 1711 1496 1757 quingentesimo
1523 1711 1647 1757 vigesi-

190 1769 356 1816 moprimo
374 1770 430 1804 die
450 1783 533 1805 vero
551 1770 833 1818 decimoseptimo
854 1770 982 1805 mensis
1003 1770 1166 1805 Octobris
1182 1779 1191 1806 Ι
1208 1770 1250 1804 In
1276 1771 1343 1805 mei
1370 1771 1493 1805 notarii
1520 1771 1646 1817 publici

190 1836 226 1864 et
242 1830 382 1864 testium
405 1831 675 1877 subscriptorum
703 1831 879 1878 presentia
906 1830 1136 1877 personaliter
1155 1830 1361 1864 constitutus
1382 1830 1543 1865 Andreas
1563 1830 1646 1864 Hall

190 1890 279 1924 filius
299 1897 335 1925 et
351 1890 455 1925 heres
473 1891 644 1937 quondam
669 1890 781 1925 Marci
803 1891 885 1925 Hall
909 1891 960 1924 sui
986 1890 1093 1937 patris
1109 1899 1117 1925 l
1135 1890 1288 1924 existens
1307 1890 1340 1924 in
1361 1896 1450 1924 statu
1469 1897 1504 1924 et
1523 1891 1647 1924 saisina

190 1953 291 1987 vnius
316 1953 507 1988 tenementi
529 1953 677 1999 jacentis
704 1953 738 1986 in
759 1952 848 1986 Vico
869 1951 1087 1986 Occidentali
1109 1950 1321 1997 Glasguensi
1342 1950 1376 1984 in
1396 1951 1451 1984 via
1468 1963 1534 1996 que
1553 1951 1647 1986 ducit

189 2014 232 2047 ad
252 2013 390 2048 Portam
411 2013 610 2048 Australem
629 2012 777 2047 ciuitatis
799 2011 1030 2058 Glasguensis
1056 2012 1147 2045 inter
1174 2016 1284 2044 terras
1311 2010 1384 2044 siue
1412 2017 1647 2045 tenementum

190 2074 344 2120 magistri
370 2074 491 2110 Jacobi
522 2074 729 2108 Houstounc
755 2085 799 2106 ex
829 2078 924 2118 parte
951 2071 1091 2105 australi
1118 2076 1153 2105 et
1178 2077 1288 2104 terras
1313 2070 1386 2104 siue
1410 2077 1646 2106 tenementum

191 2133 335 2168 Niniani
354 2134 555 2168 Merschiall
575 2146 620 2168 ex
639 2139 735 2180 parte
753 2132 884 2166 boreali
904 2138 939 2166 et
956 2131 999 2165 ad
1017 2131 1152 2165 hortum
1172 2143 1217 2164 ex
1234 2139 1331 2176 parte
1356 2131 1539 2177 posteriori
1557 2132 1645 2166 eius-

191 2194 269 2228 dem
286 2194 477 2229 tenementi
495 2200 531 2228 et
548 2194 669 2227 domus
687 2192 857 2239 quondam
877 2190 1073 2225 Alexandri
1100 2190 1301 2224 Robertone
1320 2197 1355 2224 et
1373 2190 1518 2226 Deuoce
1540 2192 1645 2226 Ham-

191 2254 355 2288 miltoune
372 2263 381 2290 l
397 2254 542 2289 accessit
560 2254 602 2288 ad
620 2252 813 2287 huiusmodi
828 2257 1064 2286 tenementum
1080 2256 1115 2284 et
1129 2255 1238 2284 terras
1253 2263 1329 2284 cum
1343 2251 1442 2286 horto
1457 2258 1493 2286 et
1507 2252 1644 2286 easdem

192 2314 225 2347 in
240 2314 396 2348 manibus
412 2313 559 2348 Henrici
575 2313 682 2347 Dvnn
698 2312 797 2346 vnius
812 2311 1015 2346 balliuorum
1033 2310 1124 2344 dicte
1140 2309 1288 2345 ciuitatis
1306 2311 1497 2357 rcsignauit
1516 2312 1562 2346 Et
1581 2313 1644 2346 hoo
