<?xml version="1.0" encoding="UTF-8"?>
<!DOCTYPE html PUBLIC "-//W3C//DTD XHTML 1.0 Transitional//EN"
    "http://www.w3.org/TR/xhtml1/DTD/xhtml1-transitional.dtd">
<html xmlns="http://www.w3.org/1999/xhtml" xml:lang="en" lang="en">
 <head>
  <title>
</title>
<meta http-equiv="Content-Type" content="text/html;charset=utf-8" />
  <meta name='ocr-system' content='tesseract 3.04.00' />
  <meta name='ocr-capabilities' content='ocr_page ocr_carea ocr_par ocr_line ocrx_word'/>
</head>
<body>
  <div class='ocr_page' id='page_1' title='image "./libercollegiinos00mait_0324.png"; bbox 0 0 1922 2764; ppageno 0'>
   <div class='ocr_carea' id='block_1_1' title="bbox 116 1862 173 1896">
    <p class='ocr_par' dir='ltr' id='par_1_1' title="bbox 116 1862 173 1896">
     <span class='ocr_line' id='line_1_1' title="bbox 116 1862 173 1896; baseline 0 0"><span class='ocrx_word' id='word_1_1' title='bbox 116 1862 173 1896; x_wconf 79' lang='lat'>64.</span> 
     </span>
    </p>
   </div>
   <div class='ocr_carea' id='block_1_2' title="bbox 232 226 1273 262">
    <p class='ocr_par' dir='ltr' id='par_1_2' title="bbox 232 226 1273 262">
     <span class='ocr_line' id='line_1_2' title="bbox 232 226 1273 262; baseline 0 -2"><span class='ocrx_word' id='word_1_2' title='bbox 232 230 301 261; x_wconf 72' lang='lat'>218</span> <span class='ocrx_word' id='word_1_3' title='bbox 658 226 987 262; x_wconf 89' lang='lat' dir='ltr'>MUNIMENTA</span> <span class='ocrx_word' id='word_1_4' title='bbox 1014 226 1273 262; x_wconf 86' lang='lat' dir='ltr'><strong>FRATRUM</strong></span> 
     </span>
    </p>
   </div>
   <div class='ocr_carea' id='block_1_3' title="bbox 229 336 1695 869">
    <p class='ocr_par' dir='ltr' id='par_1_3' title="bbox 229 336 1695 869">
     <span class='ocr_line' id='line_1_3' title="bbox 230 336 1694 383; baseline 0.001 -13"><span class='ocrx_word' id='word_1_5' title='bbox 230 336 336 370; x_wconf 86' lang='lat' dir='ltr'>cessis</span> <span class='ocrx_word' id='word_1_6' title='bbox 364 336 520 370; x_wconf 88' lang='lat' dir='ltr'>volumus</span> <span class='ocrx_word' id='word_1_7' title='bbox 546 349 615 370; x_wconf 89' lang='lat' dir='ltr'>non</span> <span class='ocrx_word' id='word_1_8' title='bbox 647 336 785 371; x_wconf 89' lang='lat' dir='ltr'>obstare</span> <span class='ocrx_word' id='word_1_9' title='bbox 804 337 1000 383; x_wconf 83' lang='lat' dir='ltr'>ceterisque</span> <span class='ocrx_word' id='word_1_10' title='bbox 1020 336 1201 371; x_wconf 78' lang='lat' dir='ltr'>contrariis</span> <span class='ocrx_word' id='word_1_11' title='bbox 1232 336 1494 382; x_wconf 79' lang='lat' dir='ltr'>quibuscunque</span> <span class='ocrx_word' id='word_1_12' title='bbox 1538 336 1586 371; x_wconf 91' lang='lat' dir='ltr'>Et</span> <span class='ocrx_word' id='word_1_13' title='bbox 1615 336 1694 383; x_wconf 87' lang='lat' dir='ltr'>quia</span> 
     </span>
     <span class='ocr_line' id='line_1_4' title="bbox 229 386 1694 444; baseline 0.001 -14"><span class='ocrx_word' id='word_1_14' title='bbox 229 396 366 430; x_wconf 88' lang='lat' dir='ltr'>difficile</span> <span class='ocrx_word' id='word_1_15' title='bbox 384 396 475 431; x_wconf 81' lang='lat' dir='ltr'>foret</span> <span class='ocrx_word' id='word_1_16' title='bbox 492 402 674 444; x_wconf 83' lang='lat' dir='ltr'><strong>presentes</strong></span> <span class='ocrx_word' id='word_1_17' title='bbox 692 396 811 432; x_wconf 82' lang='lat' dir='ltr'>literas</span> <span class='ocrx_word' id='word_1_18' title='bbox 843 397 1030 443; x_wconf 81' lang='lat' dir='ltr'>originales</span> <span class='ocrx_word' id='word_1_19' title='bbox 1063 396 1106 431; x_wconf 88' lang='lat' dir='ltr'>ad</span> <span class='ocrx_word' id='word_1_20' title='bbox 1138 396 1252 431; x_wconf 85' lang='lat' dir='ltr'>omnia</span> <span class='ocrx_word' id='word_1_21' title='bbox 1282 396 1357 431; x_wconf 89' lang='lat' dir='ltr'>loca</span> <span class='ocrx_word' id='word_1_22' title='bbox 1386 397 1420 430; x_wconf 89' lang='lat' dir='ltr'>in</span> <span class='ocrx_word' id='word_1_23' title='bbox 1453 386 1576 443; x_wconf 88' lang='lat' dir='ltr'>quibus</span> <span class='ocrx_word' id='word_1_24' title='bbox 1607 410 1694 444; x_wconf 88' lang='lat' dir='ltr'>opus</span> 
     </span>
     <span class='ocr_line' id='line_1_5' title="bbox 229 457 1693 504; baseline 0.001 -13"><span class='ocrx_word' id='word_1_25' title='bbox 229 463 322 491; x_wconf 86' lang='lat' dir='ltr'>esset</span> <span class='ocrx_word' id='word_1_26' title='bbox 349 457 477 504; x_wconf 81' lang='lat' dir='ltr'>‹leferrj</span> <span class='ocrx_word' id='word_1_27' title='bbox 501 478 508 484; x_wconf 88' lang='lat'><strong>·</strong></span> <span class='ocrx_word' id='word_1_28' title='bbox 531 457 689 492; x_wconf 85' lang='lat' dir='ltr'>volumus</span> <span class='ocrx_word' id='word_1_29' title='bbox 711 478 717 484; x_wconf 90' lang='lat'><strong>·</strong></span> <span class='ocrx_word' id='word_1_30' title='bbox 741 463 776 492; x_wconf 88' lang='lat' dir='ltr'>et</span> <span class='ocrx_word' id='word_1_31' title='bbox 803 457 961 504; x_wconf 89' lang='lat' dir='ltr'>predicta</span> <span class='ocrx_word' id='word_1_32' title='bbox 988 457 1173 491; x_wconf 80' lang='lat' dir='ltr'>autoritate</span> <span class='ocrx_word' id='word_1_33' title='bbox 1193 457 1411 492; x_wconf 88' lang='lat' dir='ltr'>decreuimus</span> <span class='ocrx_word' id='word_1_34' title='bbox 1433 476 1440 483; x_wconf 91' lang='lat'><strong>·</strong></span> <span class='ocrx_word' id='word_1_35' title='bbox 1462 457 1554 504; x_wconf 92' lang='lat' dir='ltr'>quod</span> <span class='ocrx_word' id='word_1_36' title='bbox 1576 470 1693 492; x_wconf 84' lang='lat' dir='ltr'>earum</span> 
     </span>
     <span class='ocr_line' id='line_1_6' title="bbox 229 517 1694 565; baseline 0.001 -14"><span class='ocrx_word' id='word_1_37' title='bbox 229 518 469 565; x_wconf 71' lang='lat' dir='ltr'>transsumptis</span> <span class='ocrx_word' id='word_1_38' title='bbox 492 538 498 544; x_wconf 91' lang='lat'><strong>·</strong></span> <span class='ocrx_word' id='word_1_39' title='bbox 522 531 623 552; x_wconf 88' lang='lat' dir='ltr'>manu</span> <span class='ocrx_word' id='word_1_40' title='bbox 642 518 764 564; x_wconf 81' lang='lat' dir='ltr'>notarij</span> <span class='ocrx_word' id='word_1_41' title='bbox 786 518 913 565; x_wconf 87' lang='lat' dir='ltr'>publicj</span> <span class='ocrx_word' id='word_1_42' title='bbox 935 517 1138 564; x_wconf 79' lang='lat' dir='ltr'>subscriptis</span> <span class='ocrx_word' id='word_1_43' title='bbox 1154 523 1189 552; x_wconf 87' lang='lat' dir='ltr'>et</span> <span class='ocrx_word' id='word_1_44' title='bbox 1204 517 1318 564; x_wconf 85' lang='lat' dir='ltr'>sigillo</span> <span class='ocrx_word' id='word_1_45' title='bbox 1336 518 1480 552; x_wconf 85' lang='lat' dir='ltr'>alicuius</span> <span class='ocrx_word' id='word_1_46' title='bbox 1493 531 1643 565; x_wconf 87' lang='lat' dir='ltr'><strong>persone</strong></span> <span class='ocrx_word' id='word_1_47' title='bbox 1658 518 1694 553; x_wconf 91' lang='lat' dir='ltr'>in</span> 
     </span>
     <span class='ocr_line' id='line_1_7' title="bbox 229 578 1695 627; baseline 0.002 -15"><span class='ocrx_word' id='word_1_48' title='bbox 229 579 398 625; x_wconf 81' lang='lat' dir='ltr'>(lignitate</span> <span class='ocrx_word' id='word_1_49' title='bbox 428 579 661 614; x_wconf 88' lang='lat' dir='ltr'>ecclesiastica</span> <span class='ocrx_word' id='word_1_50' title='bbox 680 578 867 613; x_wconf 90' lang='lat' dir='ltr'>constitute</span> <span class='ocrx_word' id='word_1_51' title='bbox 898 579 1040 613; x_wconf 89' lang='lat' dir='ltr'>munitis</span> <span class='ocrx_word' id='word_1_52' title='bbox 1063 600 1068 606; x_wconf 93' lang='lat'>·</span> <span class='ocrx_word' id='word_1_53' title='bbox 1092 592 1133 613; x_wconf 92' lang='lat' dir='ltr'>ea</span> <span class='ocrx_word' id='word_1_54' title='bbox 1159 579 1245 614; x_wconf 86' lang='lat' dir='ltr'>fides</span> <span class='ocrx_word' id='word_1_55' title='bbox 1272 579 1429 614; x_wconf 88' lang='lat' dir='ltr'>indubita</span> <span class='ocrx_word' id='word_1_56' title='bbox 1446 579 1480 614; x_wconf 89' lang='lat' dir='ltr'>in</span> <span class='ocrx_word' id='word_1_57' title='bbox 1509 579 1639 627; x_wconf 88' lang='lat' dir='ltr'>judicio</span> <span class='ocrx_word' id='word_1_58' title='bbox 1659 586 1695 615; x_wconf 92' lang='lat' dir='ltr'>et</span> 
     </span>
     <span class='ocr_line' id='line_1_8' title="bbox 229 639 1694 687; baseline 0.001 -13"><span class='ocrx_word' id='word_1_59' title='bbox 229 646 329 674; x_wconf 80' lang='lat' dir='ltr'>extra</span> <span class='ocrx_word' id='word_1_60' title='bbox 344 640 537 687; x_wconf 88' lang='lat' dir='ltr'>vbicunque</span> <span class='ocrx_word' id='word_1_61' title='bbox 553 653 638 687; x_wconf 89' lang='lat' dir='ltr'>opus</span> <span class='ocrx_word' id='word_1_62' title='bbox 653 640 757 675; x_wconf 86' lang='lat' dir='ltr'>fuerit</span> <span class='ocrx_word' id='word_1_63' title='bbox 776 639 980 674; x_wconf 84' lang='lat' dir='ltr'>adhibeatur</span> <span class='ocrx_word' id='word_1_64' title='bbox 999 653 1065 687; x_wconf 88' lang='lat' dir='ltr'>que</span> <span class='ocrx_word' id='word_1_65' title='bbox 1085 640 1167 687; x_wconf 88' lang='lat' dir='ltr'>ipsis</span> <span class='ocrx_word' id='word_1_66' title='bbox 1187 640 1412 687; x_wconf 79' lang='lat' dir='ltr'>originalibus</span> <span class='ocrx_word' id='word_1_67' title='bbox 1427 641 1651 676; x_wconf 83' lang='lat' dir='ltr'>adhiberetur</span> <span class='ocrx_word' id='word_1_68' title='bbox 1666 641 1694 676; x_wconf 89' lang='lat' dir='ltr'>si</span> 
     </span>
     <span class='ocr_line' id='line_1_9' title="bbox 229 700 1694 748; baseline 0.002 -14"><span class='ocrx_word' id='word_1_69' title='bbox 229 701 382 735; x_wconf 84' lang='lat' dir='ltr'>exhibite</span> <span class='ocrx_word' id='word_1_70' title='bbox 410 701 526 736; x_wconf 87' lang='lat' dir='ltr'>forent</span> <span class='ocrx_word' id='word_1_71' title='bbox 545 701 598 735; x_wconf 88' lang='lat' dir='ltr'>vel</span> <span class='ocrx_word' id='word_1_72' title='bbox 627 708 794 736; x_wconf 88' lang='lat' dir='ltr'>ostense·</span> <span class='ocrx_word' id='word_1_73' title='bbox 819 700 959 735; x_wconf 83' lang='lat' dir='ltr'><strong>DATUM</strong></span> <span class='ocrx_word' id='word_1_74' title='bbox 996 701 1106 736; x_wconf 87' lang='lat' dir='ltr'>Rome</span> <span class='ocrx_word' id='word_1_75' title='bbox 1138 702 1229 748; x_wconf 88' lang='lat' dir='ltr'>apud</span> <span class='ocrx_word' id='word_1_76' title='bbox 1262 702 1424 737; x_wconf 90' lang='lat' dir='ltr'>Sanctum</span> <span class='ocrx_word' id='word_1_77' title='bbox 1459 702 1597 737; x_wconf 86' lang='lat' dir='ltr'>Petrum</span> <span class='ocrx_word' id='word_1_78' title='bbox 1630 702 1694 737; x_wconf 92' lang='lat' dir='ltr'>sub</span> 
     </span>
     <span class='ocr_line' id='line_1_10' title="bbox 229 761 1694 811; baseline 0.001 -15"><span class='ocrx_word' id='word_1_79' title='bbox 229 763 356 796; x_wconf 87' lang='lat' dir='ltr'>annulo</span> <span class='ocrx_word' id='word_1_80' title='bbox 374 762 553 809; x_wconf 87' lang='lat' dir='ltr'>piscatoris</span> <span class='ocrx_word' id='word_1_81' title='bbox 581 762 636 796; x_wconf 88' lang='lat' dir='ltr'>die</span> <span class='ocrx_word' id='word_1_82' title='bbox 668 761 750 808; x_wconf 83' lang='lat' dir='ltr'>xxvj</span> <span class='ocrx_word' id='word_1_83' title='bbox 782 761 877 808; x_wconf 76' lang='lat' dir='ltr'>Junij</span> <span class='ocrx_word' id='word_1_84' title='bbox 912 774 1001 796; x_wconf 88' lang='lat' dir='ltr'>anno</span> <span class='ocrx_word' id='word_1_85' title='bbox 1034 762 1175 809; x_wconf 90' lang='lat' dir='ltr'>Dominj</span> <span class='ocrx_word' id='word_1_86' title='bbox 1210 763 1390 798; x_wconf 90' lang='lat' dir='ltr'>millesimo</span> <span class='ocrx_word' id='word_1_87' title='bbox 1423 764 1694 811; x_wconf 76' lang='lat' dir='ltr'>quingintesimo</span> 
     </span>
     <span class='ocr_line' id='line_1_11' title="bbox 230 822 1123 869; baseline 0.002 -13"><span class='ocrx_word' id='word_1_88' title='bbox 230 823 363 857; x_wconf 79' lang='lat' dir='ltr'>decimo</span> <span class='ocrx_word' id='word_1_89' title='bbox 383 829 504 858; x_wconf 90' lang='lat' dir='ltr'>octauo</span> <span class='ocrx_word' id='word_1_90' title='bbox 525 822 748 857; x_wconf 87' lang='lat' dir='ltr'>Pontificatus</span> <span class='ocrx_word' id='word_1_91' title='bbox 769 823 876 869; x_wconf 82' lang='lat' dir='ltr'>nostrj</span> <span class='ocrx_word' id='word_1_92' title='bbox 914 835 1004 857; x_wconf 87' lang='lat' dir='ltr'>anno</span> <span class='ocrx_word' id='word_1_93' title='bbox 1023 831 1123 858; x_wconf 85' lang='lat' dir='ltr'>sexto</span> 
     </span>
    </p>
   </div>
   <div class='ocr_carea' id='block_1_4' title="bbox 324 945 1695 1420">
    <p class='ocr_par' dir='ltr' id='par_1_4' title="bbox 324 945 1695 1420">
     <span class='ocr_line' id='line_1_12' title="bbox 329 945 1695 994; baseline 0.001 -14"><span class='ocrx_word' id='word_1_94' title='bbox 329 946 408 980; x_wconf 89' lang='lat' dir='ltr'>Hec</span> <span class='ocrx_word' id='word_1_95' title='bbox 427 952 479 980; x_wconf 86' lang='lat' dir='ltr'>est</span> <span class='ocrx_word' id='word_1_96' title='bbox 497 958 580 980; x_wconf 86' lang='lat' dir='ltr'>vera</span> <span class='ocrx_word' id='word_1_97' title='bbox 599 946 697 992; x_wconf 89' lang='lat' dir='ltr'>copia</span> <span class='ocrx_word' id='word_1_98' title='bbox 723 945 924 992; x_wconf 86' lang='lat' dir='ltr'>principalis</span> <span class='ocrx_word' id='word_1_99' title='bbox 955 946 1071 980; x_wconf 88' lang='lat' dir='ltr'>breuis</span> <span class='ocrx_word' id='word_1_100' title='bbox 1103 946 1306 993; x_wconf 84' lang='lat' dir='ltr'>sanctissimj</span> <span class='ocrx_word' id='word_1_101' title='bbox 1340 946 1374 981; x_wconf 90' lang='lat' dir='ltr'>in</span> <span class='ocrx_word' id='word_1_102' title='bbox 1409 946 1489 993; x_wconf 90' lang='lat' dir='ltr'>Xpo</span> <span class='ocrx_word' id='word_1_103' title='bbox 1520 946 1627 994; x_wconf 86' lang='lat' dir='ltr'>patris</span> <span class='ocrx_word' id='word_1_104' title='bbox 1659 953 1695 981; x_wconf 89' lang='lat' dir='ltr'>et</span> 
     </span>
     <span class='ocr_line' id='line_1_13' title="bbox 327 1006 1694 1054; baseline 0.001 -14"><span class='ocrx_word' id='word_1_105' title='bbox 327 1006 453 1053; x_wconf 86' lang='lat' dir='ltr'>dominj</span> <span class='ocrx_word' id='word_1_106' title='bbox 474 1006 581 1053; x_wconf 85' lang='lat' dir='ltr'>nostrj</span> <span class='ocrx_word' id='word_1_107' title='bbox 604 1006 744 1053; x_wconf 86' lang='lat' dir='ltr'>Dominj</span> <span class='ocrx_word' id='word_1_108' title='bbox 767 1006 898 1041; x_wconf 84' lang='lat' dir='ltr'>Leonis</span> <span class='ocrx_word' id='word_1_109' title='bbox 913 1007 1031 1041; x_wconf 88' lang='lat' dir='ltr'>diuina</span> <span class='ocrx_word' id='word_1_110' title='bbox 1049 1006 1274 1054; x_wconf 87' lang='lat' dir='ltr'>prouidencia</span> <span class='ocrx_word' id='word_1_111' title='bbox 1292 1020 1380 1054; x_wconf 89' lang='lat' dir='ltr'>pape</span> <span class='ocrx_word' id='word_1_112' title='bbox 1400 1007 1523 1053; x_wconf 87' lang='lat' dir='ltr'>(lecimj</span> <span class='ocrx_word' id='word_1_113' title='bbox 1540 1019 1615 1042; x_wconf 92' lang='lat' dir='ltr'>cum</span> <span class='ocrx_word' id='word_1_114' title='bbox 1632 1020 1694 1042; x_wconf 89' lang='lat' dir='ltr'>suo</span> 
     </span>
     <span class='ocr_line' id='line_1_14' title="bbox 327 1067 1694 1115; baseline 0.001 -15"><span class='ocrx_word' id='word_1_115' title='bbox 327 1067 484 1114; x_wconf 78' lang='lat' dir='ltr'>originalj</span> <span class='ocrx_word' id='word_1_116' title='bbox 504 1067 538 1101; x_wconf 91' lang='lat' dir='ltr'>in</span> <span class='ocrx_word' id='word_1_117' title='bbox 558 1067 716 1101; x_wconf 90' lang='lat' dir='ltr'>omnibus</span> <span class='ocrx_word' id='word_1_118' title='bbox 744 1068 813 1101; x_wconf 87' lang='lat' dir='ltr'>suis</span> <span class='ocrx_word' id='word_1_119' title='bbox 844 1068 981 1115; x_wconf 91' lang='lat' dir='ltr'>punctis</span> <span class='ocrx_word' id='word_1_120' title='bbox 1001 1074 1036 1102; x_wconf 81' lang='lat' dir='ltr'>et</span> <span class='ocrx_word' id='word_1_121' title='bbox 1066 1067 1219 1102; x_wconf 80' lang='lat' dir='ltr'>articulis</span> <span class='ocrx_word' id='word_1_122' title='bbox 1238 1068 1452 1103; x_wconf 85' lang='lat' dir='ltr'>concordans</span> <span class='ocrx_word' id='word_1_123' title='bbox 1483 1068 1531 1102; x_wconf 87' lang='lat' dir='ltr'>nil</span> <span class='ocrx_word' id='word_1_124' title='bbox 1562 1068 1694 1103; x_wconf 89' lang='lat' dir='ltr'>addens</span> 
     </span>
     <span class='ocr_line' id='line_1_15' title="bbox 324 1128 1694 1175; baseline 0.001 -13"><span class='ocrx_word' id='word_1_125' title='bbox 324 1128 379 1162; x_wconf 87' lang='lat' dir='ltr'>vel</span> <span class='ocrx_word' id='word_1_126' title='bbox 395 1129 552 1163; x_wconf 88' lang='lat' dir='ltr'>minuens</span> <span class='ocrx_word' id='word_1_127' title='bbox 567 1128 658 1175; x_wconf 90' lang='lat' dir='ltr'>quod</span> <span class='ocrx_word' id='word_1_128' title='bbox 673 1128 899 1163; x_wconf 84' lang='lat' dir='ltr'>substantiam</span> <span class='ocrx_word' id='word_1_129' title='bbox 914 1128 964 1163; x_wconf 90' lang='lat' dir='ltr'>rei</span> <span class='ocrx_word' id='word_1_130' title='bbox 979 1135 1129 1163; x_wconf 86' lang='lat' dir='ltr'>mutaret</span> <span class='ocrx_word' id='word_1_131' title='bbox 1142 1134 1201 1163; x_wconf 87' lang='lat' dir='ltr'>aut</span> <span class='ocrx_word' id='word_1_132' title='bbox 1220 1141 1343 1163; x_wconf 86' lang='lat' dir='ltr'>sensus</span> <span class='ocrx_word' id='word_1_133' title='bbox 1358 1128 1508 1163; x_wconf 87' lang='lat' dir='ltr'>variaret</span> <span class='ocrx_word' id='word_1_134' title='bbox 1526 1129 1569 1164; x_wconf 92' lang='lat' dir='ltr'>de</span> <span class='ocrx_word' id='word_1_135' title='bbox 1585 1129 1694 1164; x_wconf 90' lang='lat' dir='ltr'>verbo</span> 
     </span>
     <span class='ocr_line' id='line_1_16' title="bbox 326 1190 1693 1238; baseline 0.001 -15"><span class='ocrx_word' id='word_1_136' title='bbox 326 1190 359 1223; x_wconf 91' lang='lat' dir='ltr'>in</span> <span class='ocrx_word' id='word_1_137' title='bbox 380 1190 522 1224; x_wconf 86' lang='lat' dir='ltr'>uerbum</span> <span class='ocrx_word' id='word_1_138' title='bbox 551 1190 702 1225; x_wconf 86' lang='lat' dir='ltr'>fideliter</span> <span class='ocrx_word' id='word_1_139' title='bbox 733 1190 868 1237; x_wconf 86' lang='lat' dir='ltr'>copiata</span> <span class='ocrx_word' id='word_1_140' title='bbox 898 1196 933 1225; x_wconf 91' lang='lat' dir='ltr'>et</span> <span class='ocrx_word' id='word_1_141' title='bbox 952 1190 1172 1225; x_wconf 85' lang='lat' dir='ltr'>collationata</span> <span class='ocrx_word' id='word_1_142' title='bbox 1201 1203 1264 1238; x_wconf 88' lang='lat' dir='ltr'>per</span> <span class='ocrx_word' id='word_1_143' title='bbox 1294 1203 1349 1225; x_wconf 89' lang='lat' dir='ltr'>me</span> <span class='ocrx_word' id='word_1_144' title='bbox 1380 1190 1555 1225; x_wconf 89' lang='lat' dir='ltr'>Dauidem</span> <span class='ocrx_word' id='word_1_145' title='bbox 1588 1190 1693 1238; x_wconf 90' lang='lat' dir='ltr'>Wyle</span> 
     </span>
     <span class='ocr_line' id='line_1_17' title="bbox 326 1251 1693 1298; baseline 0.001 -14"><span class='ocrx_word' id='word_1_146' title='bbox 326 1251 496 1285; x_wconf 85' lang='lat' dir='ltr'>notarium</span> <span class='ocrx_word' id='word_1_147' title='bbox 515 1251 688 1298; x_wconf 88' lang='lat' dir='ltr'>publicum</span> <span class='ocrx_word' id='word_1_148' title='bbox 709 1251 773 1286; x_wconf 88' lang='lat' dir='ltr'>sub</span> <span class='ocrx_word' id='word_1_149' title='bbox 792 1251 877 1286; x_wconf 86' lang='lat' dir='ltr'>meis</span> <span class='ocrx_word' id='word_1_150' title='bbox 896 1251 997 1298; x_wconf 85' lang='lat' dir='ltr'>signo</span> <span class='ocrx_word' id='word_1_151' title='bbox 1015 1251 1155 1286; x_wconf 89' lang='lat' dir='ltr'>nomine</span> <span class='ocrx_word' id='word_1_152' title='bbox 1185 1258 1221 1286; x_wconf 85' lang='lat' dir='ltr'>et</span> <span class='ocrx_word' id='word_1_153' title='bbox 1239 1251 1445 1297; x_wconf 83' lang='lat' dir='ltr'>cognomine</span> <span class='ocrx_word' id='word_1_154' title='bbox 1465 1264 1504 1285; x_wconf 90' lang='lat' dir='ltr'>ac</span> <span class='ocrx_word' id='word_1_155' title='bbox 1522 1251 1693 1298; x_wconf 88' lang='lat' dir='ltr'>subscrip-</span> 
     </span>
     <span class='ocr_line' id='line_1_18' title="bbox 327 1312 1691 1360; baseline 0 -14"><span class='ocrx_word' id='word_1_156' title='bbox 327 1312 419 1347; x_wconf 87' lang='lat' dir='ltr'>tione</span> <span class='ocrx_word' id='word_1_157' title='bbox 439 1313 653 1347; x_wconf 84' lang='lat' dir='ltr'>manualibus</span> <span class='ocrx_word' id='word_1_158' title='bbox 673 1318 708 1347; x_wconf 89' lang='lat' dir='ltr'>et</span> <span class='ocrx_word' id='word_1_159' title='bbox 726 1312 841 1359; x_wconf 84' lang='lat' dir='ltr'>sigillo</span> <span class='ocrx_word' id='word_1_160' title='bbox 861 1313 1047 1348; x_wconf 89' lang='lat' dir='ltr'>reuerendi</span> <span class='ocrx_word' id='word_1_161' title='bbox 1067 1312 1101 1346; x_wconf 88' lang='lat' dir='ltr'>in</span> <span class='ocrx_word' id='word_1_162' title='bbox 1122 1312 1203 1360; x_wconf 87' lang='lat' dir='ltr'>Xpo</span> <span class='ocrx_word' id='word_1_163' title='bbox 1221 1313 1328 1359; x_wconf 85' lang='lat' dir='ltr'>patris</span> <span class='ocrx_word' id='word_1_164' title='bbox 1348 1319 1384 1347; x_wconf 90' lang='lat' dir='ltr'>et</span> <span class='ocrx_word' id='word_1_165' title='bbox 1411 1312 1538 1360; x_wconf 85' lang='lat' dir='ltr'>dominj</span> <span class='ocrx_word' id='word_1_166' title='bbox 1562 1312 1691 1359; x_wconf 83' lang='lat' dir='ltr'>Gauinj</span> 
     </span>
     <span class='ocr_line' id='line_1_19' title="bbox 326 1373 1223 1420; baseline 0.002 -14"><span class='ocrx_word' id='word_1_167' title='bbox 326 1373 545 1409; x_wconf 83' lang='lat' dir='ltr'>miseratione</span> <span class='ocrx_word' id='word_1_168' title='bbox 565 1374 683 1408; x_wconf 86' lang='lat' dir='ltr'>diuina</span> <span class='ocrx_word' id='word_1_169' title='bbox 704 1373 936 1420; x_wconf 82' lang='lat' dir='ltr'>Glasguensis</span> <span class='ocrx_word' id='word_1_170' title='bbox 957 1373 1223 1420; x_wconf 85' lang='lat' dir='ltr'>Archiepiscopj</span> 
     </span>
    </p>
   </div>
   <div class='ocr_carea' id='block_1_5' title="bbox 683 1493 1499 1541">
    <p class='ocr_par' dir='ltr' id='par_1_5' title="bbox 683 1493 1499 1541">
     <span class='ocr_line' id='line_1_20' title="bbox 683 1493 1499 1541; baseline 0.002 -15"><span class='ocrx_word' id='word_1_171' title='bbox 683 1493 801 1527; x_wconf 84' lang='lat' dir='ltr'>Dauid</span> <span class='ocrx_word' id='word_1_172' title='bbox 822 1493 926 1540; x_wconf 83' lang='lat' dir='ltr'>Wyle</span> <span class='ocrx_word' id='word_1_173' title='bbox 947 1493 1100 1528; x_wconf 87' lang='lat' dir='ltr'>notarius</span> <span class='ocrx_word' id='word_1_174' title='bbox 1119 1494 1277 1541; x_wconf 89' lang='lat' dir='ltr'>publicus</span> <span class='ocrx_word' id='word_1_175' title='bbox 1296 1494 1499 1540; x_wconf 84' lang='lat' dir='ltr'>subscripsit</span> 
     </span>
    </p>
   </div>
   <div class='ocr_carea' id='block_1_6' title="bbox 229 1674 1691 1783">
    <p class='ocr_par' dir='ltr' id='par_1_6' title="bbox 229 1674 1691 1783">
     <span class='ocr_line' id='line_1_21' title="bbox 231 1674 1691 1722; baseline -0.001 -12"><span class='ocrx_word' id='word_1_176' title='bbox 231 1675 453 1710; x_wconf 74' lang='lat' dir='ltr'>Excambium</span> <span class='ocrx_word' id='word_1_177' title='bbox 473 1675 577 1709; x_wconf 90' lang='lat' dir='ltr'>annui</span> <span class='ocrx_word' id='word_1_178' title='bbox 597 1675 753 1709; x_wconf 82' lang='lat' dir='ltr'>redditus</span> <span class='ocrx_word' id='word_1_179' title='bbox 773 1675 815 1710; x_wconf 91' lang='lat' dir='ltr'>de</span> <span class='ocrx_word' id='word_1_180' title='bbox 834 1681 1036 1710; x_wconf 84' lang='lat' dir='ltr'>tenemento</span> <span class='ocrx_word' id='word_1_181' title='bbox 1053 1674 1188 1710; x_wconf 91' lang='lat' dir='ltr'>Thome</span> <span class='ocrx_word' id='word_1_182' title='bbox 1204 1674 1318 1721; x_wconf 89' lang='lat' dir='ltr'>Leyss</span> <span class='ocrx_word' id='word_1_183' title='bbox 1337 1688 1399 1722; x_wconf 90' lang='lat' dir='ltr'>pro</span> <span class='ocrx_word' id='word_1_184' title='bbox 1418 1687 1533 1709; x_wconf 87' lang='lat' dir='ltr'>annuo</span> <span class='ocrx_word' id='word_1_185' title='bbox 1552 1675 1691 1710; x_wconf 91' lang='lat' dir='ltr'>redditu</span> 
     </span>
     <span class='ocr_line' id='line_1_22' title="bbox 229 1736 1458 1783; baseline 0 -13"><span class='ocrx_word' id='word_1_186' title='bbox 229 1748 275 1769; x_wconf 82' lang='lat' dir='ltr'>xx</span> <span class='ocrx_word' id='word_1_187' title='bbox 295 1736 482 1770; x_wconf 87' lang='lat' dir='ltr'>solidorum</span> <span class='ocrx_word' id='word_1_188' title='bbox 500 1736 543 1770; x_wconf 90' lang='lat' dir='ltr'>de</span> <span class='ocrx_word' id='word_1_189' title='bbox 562 1736 707 1783; x_wconf 87' lang='lat' dir='ltr'>quadam</span> <span class='ocrx_word' id='word_1_190' title='bbox 727 1743 824 1771; x_wconf 89' lang='lat' dir='ltr'>vasta</span> <span class='ocrx_word' id='word_1_191' title='bbox 843 1742 936 1771; x_wconf 87' lang='lat' dir='ltr'>terra</span> <span class='ocrx_word' id='word_1_192' title='bbox 954 1749 1076 1770; x_wconf 86' lang='lat' dir='ltr'>versus</span> <span class='ocrx_word' id='word_1_193' title='bbox 1097 1736 1287 1771; x_wconf 84' lang='lat' dir='ltr'>Ecclesiam</span> <span class='ocrx_word' id='word_1_194' title='bbox 1307 1743 1458 1770; x_wconf 89' lang='lat' dir='ltr'>nostram</span> 
     </span>
    </p>
   </div>
   <div class='ocr_carea' id='block_1_7' title="bbox 226 1831 1692 2323">
    <p class='ocr_par' dir='ltr' id='par_1_7' title="bbox 226 1831 1692 2323">
     <span class='ocr_line' id='line_1_23' title="bbox 228 1831 1690 1909; baseline -0.001 -13"><span class='ocrx_word' id='word_1_195' title='bbox 228 1831 284 1896; x_wconf 81' lang='grc' dir='ltr'>ΙΝ</span> <span class='ocrx_word' id='word_1_196' title='bbox 305 1862 381 1896; x_wconf 73' lang='lat' dir='ltr'>Dm</span> <span class='ocrx_word' id='word_1_197' title='bbox 402 1874 547 1897; x_wconf 78' lang='lat' dir='ltr'>NOMINE</span> <span class='ocrx_word' id='word_1_198' title='bbox 570 1862 685 1896; x_wconf 67' lang='lat' dir='ltr'>AMEN</span> <span class='ocrx_word' id='word_1_199' title='bbox 733 1862 799 1897; x_wconf 85' lang='lat' dir='ltr'>Per</span> <span class='ocrx_word' id='word_1_200' title='bbox 818 1862 883 1897; x_wconf 90' lang='lat' dir='ltr'>hoc</span> <span class='ocrx_word' id='word_1_201' title='bbox 901 1862 1167 1897; x_wconf 82' lang='lat' dir='ltr'>instrumentum</span> <span class='ocrx_word' id='word_1_202' title='bbox 1189 1869 1305 1909; x_wconf 87' lang='lat' dir='ltr'>pateat</span> <span class='ocrx_word' id='word_1_203' title='bbox 1323 1862 1415 1909; x_wconf 92' lang='lat' dir='ltr'>quod</span> <span class='ocrx_word' id='word_1_204' title='bbox 1437 1874 1528 1896; x_wconf 86' lang='lat' dir='ltr'>anno</span> <span class='ocrx_word' id='word_1_205' title='bbox 1548 1861 1690 1907; x_wconf 88' lang='lat' dir='ltr'>Dominj</span> 
     </span>
     <span class='ocr_line' id='line_1_24' title="bbox 228 1922 1692 1970; baseline 0.001 -14"><span class='ocrx_word' id='word_1_206' title='bbox 228 1922 407 1957; x_wconf 90' lang='lat' dir='ltr'>millesimo</span> <span class='ocrx_word' id='word_1_207' title='bbox 426 1923 706 1970; x_wconf 83' lang='lat' dir='ltr'>quingentesimo</span> <span class='ocrx_word' id='word_1_208' title='bbox 726 1923 954 1958; x_wconf 89' lang='lat' dir='ltr'>decimonono</span> <span class='ocrx_word' id='word_1_209' title='bbox 982 1923 1037 1958; x_wconf 93' lang='lat' dir='ltr'>die</span> <span class='ocrx_word' id='word_1_210' title='bbox 1057 1936 1141 1958; x_wconf 92' lang='lat' dir='ltr'>vero</span> <span class='ocrx_word' id='word_1_211' title='bbox 1169 1924 1352 1958; x_wconf 88' lang='lat' dir='ltr'>vndecimo</span> <span class='ocrx_word' id='word_1_212' title='bbox 1378 1923 1506 1958; x_wconf 89' lang='lat' dir='ltr'>mensis</span> <span class='ocrx_word' id='word_1_213' title='bbox 1527 1922 1692 1958; x_wconf 89' lang='lat' dir='ltr'>Octobris</span> 
     </span>
     <span class='ocr_line' id='line_1_25' title="bbox 228 1982 1692 2031; baseline 0.001 -15"><span class='ocrx_word' id='word_1_214' title='bbox 228 1983 260 2016; x_wconf 91' lang='lat' dir='ltr'>in</span> <span class='ocrx_word' id='word_1_215' title='bbox 281 1982 346 2017; x_wconf 90' lang='lat' dir='ltr'>mei</span> <span class='ocrx_word' id='word_1_216' title='bbox 378 1983 502 2030; x_wconf 84' lang='lat' dir='ltr'>notarij</span> <span class='ocrx_word' id='word_1_217' title='bbox 535 1983 664 2030; x_wconf 90' lang='lat' dir='ltr'>publici</span> <span class='ocrx_word' id='word_1_218' title='bbox 683 1990 719 2018; x_wconf 89' lang='lat' dir='ltr'>et</span> <span class='ocrx_word' id='word_1_219' title='bbox 750 1983 888 2018; x_wconf 86' lang='lat' dir='ltr'>testium</span> <span class='ocrx_word' id='word_1_220' title='bbox 920 1984 1217 2031; x_wconf 88' lang='lat' dir='ltr'>infrascriptorum</span> <span class='ocrx_word' id='word_1_221' title='bbox 1249 1984 1431 2031; x_wconf 88' lang='lat' dir='ltr'>presencia</span> <span class='ocrx_word' id='word_1_222' title='bbox 1461 1983 1692 2031; x_wconf 87' lang='lat' dir='ltr'>personaliter</span> 
     </span>
     <span class='ocr_line' id='line_1_26' title="bbox 227 2043 1691 2093; baseline 0.001 -16"><span class='ocrx_word' id='word_1_223' title='bbox 227 2043 434 2078; x_wconf 87' lang='lat' dir='ltr'>constitutus</span> <span class='ocrx_word' id='word_1_224' title='bbox 452 2044 622 2079; x_wconf 86' lang='lat' dir='ltr'>discretus</span> <span class='ocrx_word' id='word_1_225' title='bbox 638 2044 690 2078; x_wconf 82' lang='lat' dir='ltr'>vir</span> <span class='ocrx_word' id='word_1_226' title='bbox 706 2045 870 2091; x_wconf 82' lang='lat' dir='ltr'>magister</span> <span class='ocrx_word' id='word_1_227' title='bbox 886 2045 1060 2080; x_wconf 88' lang='lat' dir='ltr'>Martinus</span> <span class='ocrx_word' id='word_1_228' title='bbox 1077 2045 1265 2092; x_wconf 90' lang='lat' dir='ltr'>Hommyle</span> <span class='ocrx_word' id='word_1_229' title='bbox 1280 2045 1479 2093; x_wconf 86' lang='lat' dir='ltr'>capellanus</span> <span class='ocrx_word' id='word_1_230' title='bbox 1499 2044 1691 2092; x_wconf 86' lang='lat' dir='ltr'>capellanie</span> 
     </span>
     <span class='ocr_line' id='line_1_27' title="bbox 230 2103 1691 2153; baseline 0.002 -16"><span class='ocrx_word' id='word_1_231' title='bbox 230 2104 345 2138; x_wconf 85' lang='lat' dir='ltr'>Sancti</span> <span class='ocrx_word' id='word_1_232' title='bbox 375 2103 518 2138; x_wconf 87' lang='lat' dir='ltr'>Niniani</span> <span class='ocrx_word' id='word_1_233' title='bbox 545 2105 670 2139; x_wconf 83' lang='lat' dir='ltr'>situate</span> <span class='ocrx_word' id='word_1_234' title='bbox 692 2105 782 2140; x_wconf 86' lang='lat' dir='ltr'>infra</span> <span class='ocrx_word' id='word_1_235' title='bbox 812 2105 1006 2140; x_wconf 89' lang='lat' dir='ltr'>Ecclesiam</span> <span class='ocrx_word' id='word_1_236' title='bbox 1038 2106 1344 2153; x_wconf 85' lang='lat' dir='ltr'>Metropolitanam</span> <span class='ocrx_word' id='word_1_237' title='bbox 1367 2106 1625 2153; x_wconf 84' lang='lat' dir='ltr'>Glasguensem</span> <span class='ocrx_word' id='word_1_238' title='bbox 1656 2105 1691 2140; x_wconf 92' lang='lat' dir='ltr'>in</span> 
     </span>
     <span class='ocr_line' id='line_1_28' title="bbox 227 2164 1691 2214; baseline 0.001 -16"><span class='ocrx_word' id='word_1_239' title='bbox 227 2164 305 2198; x_wconf 89' lang='lat' dir='ltr'>naui</span> <span class='ocrx_word' id='word_1_240' title='bbox 321 2164 468 2198; x_wconf 87' lang='lat' dir='ltr'>ecclesie</span> <span class='ocrx_word' id='word_1_241' title='bbox 484 2165 637 2199; x_wconf 88' lang='lat' dir='ltr'>eiusdem</span> <span class='ocrx_word' id='word_1_242' title='bbox 656 2174 664 2201; x_wconf 81' lang='lat' dir='ltr'>l</span> <span class='ocrx_word' id='word_1_243' title='bbox 682 2178 757 2200; x_wconf 90' lang='lat' dir='ltr'>cum</span> <span class='ocrx_word' id='word_1_244' title='bbox 773 2179 946 2201; x_wconf 88' lang='lat' dir='ltr'>consensu</span> <span class='ocrx_word' id='word_1_245' title='bbox 959 2167 1212 2202; x_wconf 89' lang='lat' dir='ltr'>honorabilium</span> <span class='ocrx_word' id='word_1_246' title='bbox 1228 2167 1379 2202; x_wconf 90' lang='lat' dir='ltr'>virorum</span> <span class='ocrx_word' id='word_1_247' title='bbox 1398 2166 1547 2214; x_wconf 83' lang='lat' dir='ltr'>Georgii</span> <span class='ocrx_word' id='word_1_248' title='bbox 1563 2166 1691 2213; x_wconf 91' lang='lat' dir='ltr'>Colqu-</span> 
     </span>
     <span class='ocr_line' id='line_1_29' title="bbox 226 2225 1691 2274; baseline 0.002 -16"><span class='ocrx_word' id='word_1_249' title='bbox 226 2225 340 2259; x_wconf 92' lang='lat' dir='ltr'>houne</span> <span class='ocrx_word' id='word_1_250' title='bbox 359 2225 526 2271; x_wconf 89' lang='lat' dir='ltr'>prepositi</span> <span class='ocrx_word' id='word_1_251' title='bbox 545 2225 700 2272; x_wconf 85' lang='lat' dir='ltr'>deputati</span> <span class='ocrx_word' id='word_1_252' title='bbox 727 2226 830 2273; x_wconf 85' lang='lat' dir='ltr'>burgi</span> <span class='ocrx_word' id='word_1_253' title='bbox 849 2233 885 2261; x_wconf 83' lang='lat' dir='ltr'>et</span> <span class='ocrx_word' id='word_1_254' title='bbox 911 2227 1060 2262; x_wconf 84' lang='lat' dir='ltr'>ciuitatis</span> <span class='ocrx_word' id='word_1_255' title='bbox 1082 2227 1314 2274; x_wconf 86' lang='lat' dir='ltr'>Glasguensis</span> <span class='ocrx_word' id='word_1_256' title='bbox 1342 2227 1460 2263; x_wconf 88' lang='lat' dir='ltr'>Dauid</span> <span class='ocrx_word' id='word_1_257' title='bbox 1487 2226 1691 2274; x_wconf 86' lang='lat' dir='ltr'>Lyndezaie</span> 
     </span>
     <span class='ocr_line' id='line_1_30' title="bbox 227 2285 1690 2323; baseline 0 -3"><span class='ocrx_word' id='word_1_258' title='bbox 227 2292 262 2320; x_wconf 90' lang='lat' dir='ltr'>et</span> <span class='ocrx_word' id='word_1_259' title='bbox 281 2285 491 2320; x_wconf 90' lang='lat' dir='ltr'>Archebaldi</span> <span class='ocrx_word' id='word_1_260' title='bbox 512 2285 760 2320; x_wconf 88' lang='lat' dir='ltr'>Herbertsoun</span> <span class='ocrx_word' id='word_1_261' title='bbox 779 2287 984 2322; x_wconf 86' lang='lat' dir='ltr'>balliuorum</span> <span class='ocrx_word' id='word_1_262' title='bbox 1003 2288 1095 2323; x_wconf 90' lang='lat' dir='ltr'>dicte</span> <span class='ocrx_word' id='word_1_263' title='bbox 1114 2288 1265 2323; x_wconf 85' lang='lat' dir='ltr'>ciuitatis</span> <span class='ocrx_word' id='word_1_264' title='bbox 1283 2295 1319 2323; x_wconf 92' lang='lat' dir='ltr'>et</span> <span class='ocrx_word' id='word_1_265' title='bbox 1340 2288 1451 2323; x_wconf 90' lang='lat' dir='ltr'>tocius</span> <span class='ocrx_word' id='word_1_266' title='bbox 1469 2287 1690 2323; x_wconf 81' lang='lat' dir='ltr'>communita-</span> 
     </span>
    </p>
   </div>
  </div>
 </body>
</html>
