1922 2764
229 222 296 257 136
559 221 715 256 LIBER
744 221 992 258 ECCLESIE
1022 220 1362 257 COLLEGIATE

227 319 310 353 siam
331 318 561 365 Collegiatam
580 319 734 354 eiusdem
753 319 902 354 ciuitatis
924 318 1155 365 Glasguensis
1182 323 1350 364 augeatur
1377 316 1557 351 honestius
1584 323 1686 363 atque

227 378 408 414 decentius
439 379 658 414 celebretur·
681 380 814 415 Omnes
841 385 876 414 et
902 379 1055 425 singulas
1085 378 1259 425 predictas
1286 384 1397 411 terras
1427 383 1627 412 tenementa
1653 383 1687 412 et

227 452 360 474 annuos
378 440 536 475 redditus
554 440 588 474 in
607 441 763 475 manibus
790 440 889 487 probi
907 439 972 474 viri
993 437 1146 485 magistri
1163 437 1333 473 Johannis
1357 437 1438 471 Hall
1457 437 1598 472 alterius
1618 437 1686 472 bal-

229 499 375 533 liuorum
395 500 487 534 dicte
503 500 651 535 ciuitatis
669 501 808 535 nomine
826 500 959 547 prefate
975 498 1134 533 Ecclesie
1151 497 1346 544 Collegiate
1365 498 1557 545 resignauit
1579 519 1584 524 -
1609 498 1689 538 Qua

228 560 466 606 resignatione
486 560 534 595 sic
551 560 641 595 facta
658 561 748 595 idem
767 560 914 595 balliuus
942 564 1066 593 statum
1085 564 1121 592 et
1139 558 1296 592 saisinam
1317 558 1466 592 omnium
1485 564 1521 592 et
1539 558 1688 604 singula-

228 632 303 654 rum
329 621 598 668 prescriptarum
622 627 792 655 terrarum
817 626 1094 654 tenementorum
1122 623 1158 652 et
1183 630 1374 652 annuorum
1401 618 1597 652 reddituum
1622 619 1689 653 dis-

228 687 324 715 creto
351 681 426 715 viro
454 681 592 715 domino
616 681 748 718 Jacobo
769 679 960 715 Cauldwoll
987 679 1194 725 presbytero
1210 687 1219 714 Ι
1235 679 1361 713 ibidem
1390 679 1528 713 nomine
1555 679 1688 726 prefate

231 740 390 775 Ecclesie
411 741 606 787 Collegiate
625 741 795 788 legittime
815 739 997 786 recipienti
1015 748 1023 775 l
1040 752 1102 786 per
1120 745 1213 774 terre
1233 745 1269 774 et
1288 739 1410 786 lapidis
1429 753 1468 774 ac
1487 740 1532 774 lie.
1550 740 1636 787 hesp
1656 748 1690 774 et

230 801 365 847 stapille
381 801 664 836 deliberationem
683 809 692 837 l
708 800 920 835 reseruando
934 800 1069 847 prefato
1083 800 1222 834 domino
1238 800 1391 835 Martino
1406 813 1503 835 vsum
1518 801 1690 834 fructuum

230 867 265 896 et
283 862 428 896 liberum
447 868 683 896 tenementum
705 861 855 895 omnium
875 866 910 895 et
928 861 1142 906 singulorum
1161 861 1393 908 predictorum
1413 874 1557 895 vnacum
1577 861 1689 908 dispo-

231 922 354 956 sitione
387 928 421 956 et
452 922 637 956 donatione
669 922 858 956 eorundem
890 921 1133 968 quoaduixerit
1158 930 1166 957 Ι
1193 921 1400 956 deliberauit
1427 941 1433 947 ·
1465 921 1689 955 Presentibus

231 982 357 1017 ibidem
376 983 534 1017 discretis
552 982 634 1016 viris
661 981 779 1016 Dauid
807 982 970 1028 Hugonis
998 982 1132 1016 notario
1158 982 1297 1028 publico
1324 982 1425 1016 etiam
1453 982 1487 1015 in
1514 982 1690 1028 premissis

230 1042 397 1089 requisito
414 1051 422 1078 l
439 1043 576 1076 domino
590 1043 750 1078 Johanne
768 1043 958 1077 Watsoune
977 1042 1136 1078 Johanne
1154 1042 1284 1089 Young
1298 1055 1336 1077 ac
1349 1043 1510 1078 Johanne
1531 1042 1641 1077 Sellar
1657 1049 1691 1077 et

232 1102 349 1136 Dauid
371 1103 560 1138 Watsoune
580 1103 749 1138 seriandis

330 1224 377 1258 Et
395 1236 462 1270 ego
481 1223 648 1259 Nicolaus
669 1224 931 1272 lVithirspoune
954 1224 1077 1258 artium
1104 1224 1269 1270 magister
1291 1224 1523 1270 Glasguensis
1542 1224 1689 1259 diocesis

328 1284 486 1331 publicus
504 1297 601 1319 sacra
621 1285 825 1332 Apostolica
842 1285 1046 1320 auctoritate
1065 1285 1219 1319 notarius
1273 1285 1365 1325 Quia
1386 1283 1483 1332 [eta]

572 1380 739 1416 Nicolaus
760 1381 1029 1428 Withirspowne
1052 1381 1254 1428 subscripsit

234 1552 302 1617 IN
331 1583 422 1618 DEI
448 1584 586 1618 nomine
607 1584 723 1619 Amen
746 1605 751 1610 -
776 1584 843 1618 Per
860 1584 926 1619 hoc
944 1584 1117 1632 publicum
1140 1585 1406 1619 instrumentum
1425 1586 1558 1620 cunctis
1576 1592 1691 1632 pateat

233 1644 324 1691 quod
343 1656 433 1679 anno
451 1644 696 1679 incarnationis
715 1644 901 1679 Dominice
921 1645 1100 1679 millesimo
1118 1645 1396 1692 quingentesimo
1415 1645 1691 1692 quadragesimo-

235 1717 326 1739 nono
344 1705 400 1739 die
419 1718 503 1740 vero
521 1706 649 1740 mensis
666 1705 763 1742 Junii
790 1705 899 1752 primo
915 1714 924 1742 Ι
941 1706 981 1740 In
1009 1707 1076 1740 mei
1104 1706 1227 1740 notarii
1254 1706 1381 1752 publici
1400 1712 1435 1740 et
1453 1706 1591 1741 testium
1614 1707 1691 1740 sub-

236 1765 441 1812 scriptorum
471 1765 648 1812 presentia
673 1765 903 1812 personaliter
929 1766 1075 1801 accessit
1099 1766 1266 1800 honestus
1291 1766 1343 1800 vir
1369 1766 1547 1802 Johannes
1576 1767 1690 1801 Wann

234 1825 419 1871 burgensis
434 1826 582 1860 ciuitatis
600 1826 830 1873 Glasguensis
845 1826 887 1860 ad
902 1832 1137 1861 tenementum
1157 1826 1359 1861 Archibaldi
1378 1827 1576 1862 Blakburne
1591 1835 1599 1863 l
1613 1828 1691 1862 olim

237 1893 395 1932 spectans
414 1887 579 1932 magistro
596 1887 747 1922 Johanni
764 1886 955 1921 Watsoune
969 1887 1106 1933 ljacens
1125 1887 1159 1920 in
1174 1887 1314 1922 ciuitate
1333 1886 1545 1934 Glasguensi
1559 1887 1593 1921 in
1609 1888 1692 1934 pub-

237 1946 302 1981 lica
320 1947 375 1981 via
392 1960 458 1993 que
477 1947 572 1982 ducit
590 1960 609 1982 a
631 1945 728 1981 Loco
756 1947 914 1982 Fratrum
944 1947 1203 1982 Predicatorum
1230 1960 1338 1994 vsque
1359 1947 1506 1983 Crucem
1534 1948 1692 1983 Foralem

238 2019 282 2041 ex
300 2013 398 2053 parte
417 2007 576 2042 orientali
595 2007 750 2042 eiusdem
767 2016 775 2043 Ι
792 2007 883 2042 inter
901 2013 1012 2042 terras
1033 2008 1148 2042 Sancti
1170 2008 1280 2042 Rochi
1298 2008 1342 2042 ad
1359 2015 1511 2042 austrum
1530 2015 1566 2043 et
1583 2014 1693 2043 terras

237 2066 366 2100 domini
386 2067 550 2101 Willelmi
578 2067 698 2102 Burell
725 2068 768 2102 ad
794 2068 933 2102 boream
950 2076 958 2104 Ι
976 2068 1023 2103 Et
1048 2068 1174 2102 ibidem
1201 2068 1355 2115 prefatus
1380 2068 1559 2104 Johannes
1579 2069 1692 2103 Wann

238 2126 361 2172 viginti
380 2127 507 2161 solidos
526 2128 629 2162 annui
656 2128 813 2162 redditus
839 2128 902 2162 sibi
921 2128 1029 2162 debiti
1048 2129 1091 2163 de
1110 2129 1202 2163 dicto
1221 2129 1317 2163 totali
1335 2134 1535 2164 tenemento
1552 2138 1561 2166 Ι
1577 2135 1613 2163 et
1630 2129 1694 2163 sibi

237 2186 457 2232 impignorati
475 2200 537 2233 per
551 2187 678 2222 dictum
697 2188 897 2234 magistrum
912 2188 1106 2224 Johannem
1124 2197 1132 2224 Ι
1149 2188 1182 2223 in
1201 2189 1357 2223 manibus
1376 2189 1474 2236 probi
1488 2189 1553 2223 viri
1572 2189 1693 2235 magis-

239 2245 283 2280 tri
300 2245 469 2281 Johannis
491 2246 572 2281 Hall
589 2247 730 2282 alterius
749 2248 954 2282 balliuorum
972 2249 1064 2283 dicte
1081 2249 1230 2284 ciuitatis
1246 2258 1255 2285 l
1271 2249 1305 2283 in
1320 2249 1472 2284 fauorem
1487 2248 1693 2285 venerabilis
