1922 2764
195 273 241 308 60
522 266 676 303 LIBER
703 264 950 301 ECCLESIE
980 263 1320 300 COLLEGIATE

195 368 228 401 in
244 379 280 402 se
295 365 515 400 continentes
534 363 606 398 siue
622 362 803 398 continens
818 361 946 396 exinde
964 359 1069 408 [fieri]
1092 361 1140 395 Et
1156 373 1218 407 per
1233 359 1385 394 notarios
1403 358 1558 405 publicos
1574 358 1650 392 sub-

199 427 344 474 scriptos
359 425 528 461 subscribi
543 430 578 459 et
595 423 762 471 publicari
777 422 1012 457 mandauimus
1034 421 1214 467 Sigillique
1229 419 1337 454 nostri
1355 418 1495 453 rotundi
1508 431 1655 453 vnacum

198 487 409 534 appensione
429 485 533 532 sigilli
547 483 736 519 communis
751 482 833 517 dicti
848 482 988 529 capituli
1006 481 1115 516 nostri
1134 481 1167 514 in
1188 480 1324 527 signum
1339 479 1498 526 expressi
1512 491 1656 514 consen-

200 561 257 582 sus
272 554 306 582 et
320 559 481 582 assensus
499 544 647 592 predicti
661 543 825 590 jussimus
840 549 875 577 et
888 542 1031 576 fecimus
1046 540 1258 588 appensione
1274 539 1474 574 communiri
1497 560 1502 566 ·
1526 539 1658 574 Datum

201 615 237 643 et
254 614 367 643 actum
385 607 475 654 apud
502 606 626 640 dictam
654 603 834 638 ecclesiam
861 601 1158 648 metropolitanam
1183 600 1440 647 Glasguensem
1456 608 1464 636 l
1481 600 1544 634 sub
1568 612 1658 634 anno

201 667 446 703 incarnationis
465 665 649 700 Dominice
669 663 850 698 millesimo
868 661 1147 709 quingentesimo
1167 661 1458 707 Trigesimonono
1475 669 1484 696 Ι
1500 660 1556 695 die
1576 673 1659 695 vero

201 728 436 763 decimosexto
451 726 578 761 mensis
595 724 758 760 Octobris
775 732 783 759 l
800 722 994 757 Indictione
1010 721 1247 756 decimatertia
1262 729 1270 757 Ι
1286 721 1504 768 pontificatus
1519 721 1660 755 sanctis-

203 789 277 823 simi
292 789 326 822 in
345 788 484 823 Christo
498 786 604 833 patris
620 791 655 820 et
667 784 793 818 domini
808 783 917 817 nostri
935 782 1075 816 Domini
1092 781 1189 816 Pauli
1204 781 1321 816 diuina
1333 781 1553 828 prouidentia
1568 781 1660 828 Pape

202 849 296 884 tertii
310 861 400 883 anno
420 854 519 882 sexto
542 867 547 873 ·
572 845 797 880 Presentibus
811 843 938 877 ibidem
954 842 1210 877 venerabilibus
1225 849 1260 876 et
1275 842 1427 889 egregiis
1441 841 1523 876 viris
1538 842 1660 888 magis-

203 910 265 944 tris
284 916 320 944 et
337 909 484 943 dominis
506 906 663 952 Georgio
683 905 815 939 Lokart
833 904 965 938 decano
988 912 996 939 l
1017 903 1178 938 Johanne
1198 902 1407 948 Bellantyne
1428 909 1634 949 precentore
1652 911 1660 938 Ι

205 969 410 1004 Alexandro
437 967 510 1002 Dik
529 965 770 1001 archidiacono
787 973 795 1000 l
810 964 833 999 J
836 964 942 998 acobo
963 963 1076 998 Cottis
1093 972 1102 999 l
1119 963 1266 997 Valtero
1294 962 1453 997 Betoune
1471 971 1479 998 Ι
1499 962 1661 997 Gilberto

205 1030 357 1075 Benyng
375 1036 409 1063 et
429 1027 641 1062 Archibaldo
669 1025 817 1060 Dunbar
844 1023 1017 1059 canonicis
1036 1023 1127 1058 dicte
1147 1023 1294 1058 ecclesie
1321 1029 1438 1057 nostre
1465 1023 1662 1070 metropoli-

203 1097 282 1124 tane
305 1088 535 1136 Glasguensis
553 1087 700 1122 testibus
718 1086 761 1120 ad
778 1085 945 1133 premissa
963 1084 1092 1119 vocatis
1111 1084 1240 1131 pariter
1260 1090 1295 1118 et
1313 1084 1443 1131 rogatis
1461 1105 1466 1110 -

204 1211 293 1245 DIE
307 1210 453 1246 JOUIS
468 1209 703 1244 decimosexto
718 1207 846 1242 mensis
860 1206 1024 1241 Octobris
1039 1218 1128 1240 anno
1143 1205 1284 1240 Domini
1300 1205 1480 1239 millesimo
1492 1205 1661 1251 quingen-

204 1272 325 1306 tesimo
346 1270 637 1317 Trigesimonono
655 1268 698 1303 ad
717 1281 839 1303 sonum
865 1279 1028 1313 campane
1052 1266 1187 1313 pulsate
1206 1265 1440 1312 capitulariter
1460 1265 1663 1312 congregati

206 1332 287 1367 dicti
307 1330 618 1366 reuerendissimus
638 1329 796 1363 dominus
815 1341 853 1363 ac
872 1328 1022 1362 decanus
1042 1333 1076 1361 et
1094 1326 1279 1373 capitulum
1301 1325 1524 1360 ratifficarunt
1542 1338 1664 1372 appro-

205 1394 330 1427 barunt
348 1398 383 1426 et
401 1392 646 1426 confirmarunt
664 1389 778 1424 omnia
796 1394 831 1423 et
849 1388 986 1434 singula
1004 1387 1228 1433 retroscripta
1242 1392 1277 1420 et
1295 1386 1337 1420 ad
1357 1398 1397 1420 ea
1414 1390 1663 1420 concesserunt

207 1466 325 1488 eorum
347 1452 460 1498 sigilla
477 1470 483 1475 ·
501 1450 726 1485 Presentibus
753 1449 787 1483 in
807 1448 956 1495 capitulo
975 1447 1121 1482 Decano
1138 1455 1146 1483 l
1165 1447 1375 1481 Precentore
1393 1455 1401 1482 Ι
1420 1446 1660 1481 Cancellariol

210 1514 316 1549 Stobo
332 1522 340 1548 Ι
359 1511 530 1547 Carstaris
551 1519 559 1547 l
578 1510 719 1544 Moffett
740 1518 748 1545 Ι
768 1509 904 1555 Glasgu
926 1507 1079 1542 secundo
1095 1516 1104 1543 Ι
1121 1506 1308 1541 Durisdeir
1329 1515 1338 1543 Ι
1359 1513 1394 1541 et
1417 1507 1491 1541 aliis
1516 1506 1662 1541 testibus

207 1574 240 1607 in
253 1572 486 1608 testimonium
498 1570 648 1616 receptis
664 1579 673 1606 l
689 1569 853 1604 videlicet
868 1577 877 1605 1
894 1568 1057 1615 magistro
1070 1567 1092 1603 J
1096 1567 1230 1601 ohanne
1247 1566 1373 1613 Layng
1385 1574 1520 1602 rectore
1534 1567 1576 1601 de
1592 1567 1663 1601 Kil-

207 1633 417 1681 patrikjuxta
433 1641 441 1668 Ι
457 1631 479 1667 J
482 1631 617 1665 ohanne
628 1630 773 1665 Stewart
789 1638 798 1665 l
818 1629 972 1663 Roberto
981 1627 1165 1673 Dowglass
1182 1635 1190 1663 l
1208 1626 1312 1661 Petro
1323 1628 1470 1662 Stewart
1486 1637 1494 1663 l
1512 1626 1664 1662 Niniano

208 1694 384 1740 Douglass
403 1692 530 1727 vicario
549 1691 592 1725 de
613 1690 720 1726 Stobo
737 1699 746 1727 l
761 1690 783 1726 J
787 1690 921 1724 ohanne
942 1688 1195 1722 Punfrastoune
1213 1687 1390 1734 preposito
1412 1687 1625 1735 Glasguensi

451 1813 505 1847 Ita
523 1821 576 1846 est
596 1811 810 1847 Cuthbertus
832 1809 991 1856 Symonis
1014 1808 1167 1843 notarius
1192 1808 1349 1854 publicus
1368 1809 1411 1843 de
1430 1809 1594 1855 predictis
1612 1822 1665 1844 re-

453 1873 599 1920 quisitus
618 1885 719 1906 manu
737 1871 877 1918 propria
894 1880 902 1906 l

454 1992 606 2028 Thomas
635 1992 894 2027 Hammiltoune
926 1990 1079 2025 notarius
1110 1989 1266 2035 publicus
1293 1989 1327 2023 in
1358 1990 1534 2036 premissis
1564 2003 1668 2025 manu

452 2054 591 2101 propria
607 2063 615 2090 l

456 2175 510 2210 Ita
528 2182 580 2209 est
600 2174 707 2220 Hugo
728 2174 844 2219 Curry
862 2172 1015 2207 notarius
1041 2171 1200 2217 publicus
1218 2183 1258 2204 ac
1276 2170 1358 2205 dicti
1385 2172 1666 2206 reuerendissimi

456 2234 584 2268 domini
605 2234 717 2269 scriba
733 2234 768 2268 in
787 2232 963 2280 premissis
990 2231 1185 2278 specialiter
1204 2230 1389 2277 requisitus
1408 2244 1508 2266 manu
1531 2233 1668 2279 propria

458 2294 659 2339 subscripsit
