1922 2764
229 267 295 299 104
557 264 713 300 LIBER
740 265 988 302 ECCLESIE
1017 266 1186 302 COLLE
1194 267 1356 302 GIATE

225 361 395 396 cationem
414 368 449 397 et
466 369 664 409 requestum
683 363 831 410 Georgii
851 364 997 409 Clemey
1014 372 1023 400 l
1039 364 1184 398 accessit
1198 364 1240 398 ad
1259 370 1495 398 tenementum
1511 365 1680 411 quondam

224 421 393 457 Johannis
414 422 560 470 Clemey
575 423 625 458 sui
644 424 759 458 fratris
778 430 813 458 et
831 424 958 458 ibidem
978 430 1101 458 statum
1121 429 1156 458 et
1174 423 1333 458 saisinam
1350 423 1579 459 hereditarios
1599 424 1681 459 dicti

225 483 415 516 tenementi
434 489 512 518 ante
532 489 568 518 et
584 490 678 518 retro
696 484 844 530 jacentis
862 484 897 518 in
913 484 988 518 vico
1002 483 1171 518 communi
1187 483 1334 526 ciuitatis
1358 484 1588 531 Glasguensis
1606 490 1680 519 ten-

226 541 331 576 dente
346 555 365 576 a
380 542 494 577 Cruce
509 543 624 578 Forali
643 544 685 578 ad
702 544 839 579 Portam
854 544 1051 578 Australem
1071 543 1225 578 eiusdem
1245 557 1288 578 ex
1307 550 1404 591 parte
1424 545 1582 580 orientali
1599 545 1681 580 dieti

225 602 292 636 vici
307 602 398 637 inter
413 610 523 638 terras
541 604 688 639 Roberti
705 605 842 651 Smytht
856 617 901 638 ex
916 604 1044 638 boreali
1060 610 1095 638 et
1109 610 1219 638 terras
1235 604 1308 639 siue
1323 611 1559 640 tenementum
1574 619 1681 652 quon-

226 662 303 696 dam
323 663 507 698 Cuthberti
529 664 733 699 Alexander
756 677 800 698 ex
818 664 959 698 australi
985 664 1141 710 partibus
1157 673 1166 700 Ι
1182 664 1316 711 prefato
1346 665 1504 712 Georgio
1533 665 1679 712 Clemey

225 728 384 769 tanquam
404 724 573 770 legittimo
592 731 627 759 et
646 724 880 771 propinquiori
906 724 1027 758 heredi
1054 723 1136 758 dicti
1164 724 1243 758 olim
1269 724 1438 760 Johannis
1462 725 1609 772 Clemey
1628 726 1680 760 sui

224 782 339 817 fratris
366 784 520 829 germani
537 792 546 819 l
563 785 650 818 sicut
667 791 842 830 repertum
864 784 976 818 fuerat
1002 796 1064 830 per
1091 783 1229 818 vardam
1249 789 1284 818 et
1301 784 1440 818 assisam
1460 785 1554 820 curie.
1577 785 1680 820 Glas-

225 843 368 889 guensis
385 851 393 879 Ι
410 843 616 878 deliberauit
638 864 643 870 -
666 844 714 878 Et
741 844 853 878 statim
876 844 987 877 dictus
1009 843 1186 890 Georgius
1207 843 1354 890 Clemey
1370 844 1563 879 huiusmodi
1582 851 1679 880 tene-

224 908 376 937 mentum
396 903 596 950 simpliciter
614 916 676 950 per
695 910 787 938 terre
806 910 842 938 et
860 903 982 950 lapidis
1000 903 1219 938 traditionem
1238 903 1272 937 in
1291 904 1447 938 manibus
1462 904 1544 939 dicti
1562 905 1679 939 balliui

224 963 259 997 in
286 963 439 998 fauorem
468 964 676 998 venerabilis
701 964 764 998 viri
793 964 948 1010 magistri
972 964 1095 1000 Jacobi
1124 964 1333 998 Houstoune
1361 964 1548 999 subdecani
1578 965 1679 1000 Glas-

225 1024 367 1070 guensis
385 1025 577 1070 resignauit
593 1033 601 1060 l
620 1025 840 1071 Quaquidem
858 1024 1092 1071 resignatione
1108 1024 1155 1059 sic
1173 1024 1262 1059 facta
1280 1024 1370 1058 idem
1389 1025 1535 1059 balliuus
1555 1031 1679 1060 statum

226 1089 261 1118 et
288 1084 446 1118 saisinam
475 1085 704 1119 hereditarios
734 1085 858 1132 prefati
885 1085 1075 1119 tenemeuti
1111 1085 1261 1119 discreto
1288 1085 1362 1119 viro
1389 1085 1527 1119 domino
1556 1085 1679 1120 Archi-

224 1144 326 1178 baldo
356 1145 511 1180 VVilsone
541 1145 754 1192 procuratori
783 1145 864 1180 dicti
892 1145 1047 1192 magistri
1073 1145 1195 1181 Jacobi
1222 1145 1550 1186 deliberauitlQua
1576 1145 1679 1180 etiam

224 1205 459 1252 resignatione
479 1206 527 1240 sic
543 1206 633 1240 facta
650 1206 741 1240 idem
760 1206 917 1240 dominus
938 1205 1171 1240 Archibaldus
1197 1211 1399 1252 procurator
1424 1211 1459 1239 et
1481 1211 1678 1252 procurato-

223 1265 274 1299 rio
293 1266 430 1300 nominc
450 1279 516 1312 quo
535 1279 638 1313 supra
655 1266 846 1312 resignauit
864 1266 992 1300 dictum
1010 1271 1247 1300 tenementum
1275 1265 1307 1299 iu
1334 1265 1490 1299 manibus
1509 1265 1590 1300 dicti
1608 1265 1678 1300 bal-

224 1324 284 1359 liui
303 1325 336 1359 in
355 1325 507 1360 fauorem
527 1326 655 1360 domini
672 1326 795 1362 Jacobi
817 1326 915 1373 Gray
934 1326 1154 1373 prebendarii
1179 1325 1282 1360 Noue
1303 1325 1460 1360 Ecclesie
1482 1325 1677 1372 Collegiate

227 1385 458 1431 Glasguensis
476 1387 614 1421 nomine
633 1387 724 1422 dicte
744 1386 889 1422 ecclesie
906 1396 915 1423 Ι
933 1387 979 1421 Et
1005 1386 1199 1421 huiusmodi
1226 1386 1462 1432 resignatione
1480 1385 1569 1420 facta
1587 1386 1677 1420 idem

224 1445 371 1480 balliuus
389 1452 513 1481 statum
532 1452 567 1481 et
586 1447 745 1481 saisinam
770 1447 998 1482 hereditarios
1022 1447 1145 1493 prefati
1170 1446 1361 1481 tenementi
1388 1446 1522 1493 prefato
1540 1446 1677 1480 domino

223 1505 355 1541 Jacobo
377 1507 476 1553 Gray
495 1507 632 1542 nomine
654 1507 787 1554 prefate
816 1507 919 1542 Noue
946 1507 1102 1542 Ecclesie
1124 1507 1318 1553 Collegiate
1338 1507 1545 1541 deliberauit
1566 1527 1571 1532 -
1597 1507 1677 1541 Pre*

224 1567 379 1601 sentibus
406 1567 532 1602 ibidem
560 1567 681 1602 Leone
711 1567 901 1614 Lyndesay
919 1567 1078 1603 Johannc
1099 1567 1213 1601 Wann
1233 1573 1268 1601 et
1285 1567 1444 1603 Johanne
1465 1566 1677 1600 Androsoun

225 1627 384 1662 seriando
407 1648 412 1653 ·
437 1627 504 1661 ET
530 1627 639 1663 EGO
668 1628 844 1662 Robertus
871 1627 998 1674 Layng
1024 1628 1146 1662 artium
1173 1628 1337 1674 magister
1362 1627 1506 1662 clericus
1528 1627 1678 1673 Glasgu-

226 1687 318 1722 ensis
337 1688 485 1722 ciuitatis
503 1688 660 1735 publicus
679 1701 775 1723 sacra
793 1689 995 1723 auctoritate
1017 1688 1220 1735 Apostolica
1238 1688 1392 1722 notarius
1445 1687 1537 1728 Quia
1558 1686 1653 1734 [eta]

226 1836 296 1901 IN
323 1867 413 1902 DEI
439 1868 576 1903 nomine
597 1867 711 1902 Amen
735 1889 740 1894 ·
765 1868 832 1903 Per
850 1868 915 1902 hoc
932 1868 1106 1915 publicum
1125 1867 1389 1902 instrumentum
1408 1867 1542 1901 cunctis
1564 1872 1679 1914 pateat

227 1928 318 1974 quod
336 1941 425 1963 anno
444 1929 688 1963 incarnationis
708 1929 891 1963 Dominice
911 1928 1091 1963 millesimo
1106 1927 1384 1974 quingentesimo
1403 1926 1679 1974 quadragesimo-

228 1988 336 2034 primo
354 1989 409 2023 die
426 1989 590 2023 Octobris
610 1989 727 2023 vltimo
744 1997 752 2025 l
770 1989 810 2023 In
830 1989 895 2023 mei
916 1988 1039 2023 notarii
1058 1988 1185 2034 publici
1200 1994 1235 2022 et
1253 1987 1391 2022 testium
1411 1987 1679 2033 subscriptorum

226 2048 402 2094 presentia
426 2049 655 2095 personaliter
682 2049 889 2084 constitutus
917 2049 1086 2083 discretus
1113 2048 1165 2082 vir
1196 2048 1353 2082 dominus
1378 2047 1529 2083 Jacobus
1561 2046 1679 2082 Schaw

228 2114 428 2153 procurator
446 2109 654 2143 venerabilis
669 2115 704 2144 et
723 2109 857 2156 egregii
872 2109 936 2143 viri
954 2108 1109 2155 magistri
1126 2108 1148 2144 J
1152 2108 1248 2143 acobi
1270 2108 1478 2142 Houstoune
1493 2107 1679 2142 subdecani

231 2168 460 2214 Glasguensis
477 2178 485 2205 l
502 2170 661 2216 exposuit
675 2170 709 2204 in
728 2170 912 2217 presentiis
929 2169 1098 2206 ,Iohannis
1115 2169 1228 2203 Wann
1244 2168 1455 2203 vicecomitis
1470 2168 1505 2202 in
1522 2167 1586 2202 hac
1603 2180 1678 2214 par-

227 2234 262 2262 te
282 2228 431 2274 supremi
450 2228 593 2263 Domini
610 2230 719 2264 nostri
739 2230 848 2276 Regis
867 2236 902 2264 et
923 2229 1071 2276 Georgii
1090 2229 1335 2276 Elphynstoun
1354 2228 1453 2262 vnius
1474 2227 1678 2262 balliuorum

228 2287 377 2322 ciuitatis
407 2288 636 2335 Glasguensis
652 2298 661 2325 l
677 2290 823 2336 qualiter
849 2290 883 2324 in
911 2289 1096 2336 presentiis
1123 2289 1311 2324 eorundem
1338 2288 1459 2334 vigore
1486 2288 1677 2322 litterarum
