1922 2764
132 1959 190 1994 65.

637 258 854 293 ORDINIS
884 258 1319 294 PREDICATORUM.
1640 265 1710 301 *219

245 368 289 403 tis
308 368 464 403 eiusdem
480 377 490 405 Ι
506 373 729 415 patronorum
748 368 840 403 dicte
860 367 1051 415 capellanie
1074 389 1080 395 -
1102 368 1137 402 in
1158 367 1318 404 Pretorio
1345 369 1499 405 eiusdem
1526 371 1560 405 in
1589 384 1711 417 magna

243 435 280 464 et
307 429 447 477 copiosa
488 429 710 464 multitudine
742 435 777 464 et
808 441 953 464 numero
983 429 1067 464 inibi
1096 431 1553 478 congregatorumlviginti
1584 433 1711 467 solidos

243 490 347 525 annui
387 490 545 525 redditus
585 490 721 525 debitos
749 490 814 525 sibi
843 490 1009 537 magistro
1036 490 1192 525 Martino
1227 497 1263 525 et
1297 491 1388 526 dicte
1424 504 1485 526 sue
1521 493 1710 540 capellanie

242 552 286 587 de
314 552 459 599 quadam
491 558 590 587 vasta
619 552 788 599 perticata
819 558 914 587 terre
942 553 1081 599 jacente
1112 552 1147 587 in
1178 552 1270 587 dicta
1296 553 1436 588 ciuitate
1472 554 1504 588 in
1542 556 1710 589 communi

242 612 298 647 via
333 612 489 647 eiusdem
525 613 693 648 tendente
731 614 774 647 ab
813 613 970 660 predicta
997 613 1156 648 Ecclesia
1188 614 1461 661 Metropolitana
1497 615 1710 662 Glasguensi

241 673 285 707 ad
317 673 467 708 Crucem
499 673 658 708 Foralem
691 674 846 709 eiusdem
879 675 1011 709 directe
1037 687 1160 709 versus
1180 675 1371 709 Ecclesiam
1400 675 1559 710 Fratrum
1597 677 1711 711 Predi-

241 740 396 769 catorum
420 735 463 769 de
487 735 631 782 Glasgw
650 747 695 770 ex
723 735 929 770 occidentali
948 743 1046 783 parte
1074 736 1228 771 eiusdem
1257 736 1348 771 inter
1378 743 1489 771 terras
1520 738 1710 784 capellanie

244 795 359 830 Sancti
391 795 601 843 Kentigerni
629 796 754 831 situate
774 797 806 830 in
828 796 988 831 Inferiori
1015 797 1174 832 Ecclesia
1192 797 1466 845 Metropolitana
1497 798 1710 845 Glasguensi

241 869 285 891 ex
318 857 440 891 boriali
473 864 570 904 parte
603 863 638 892 et
665 864 902 892 tenementum
930 858 1098 892 heredum
1125 859 1296 905 quondam
1327 858 1473 894 Andree
1507 859 1635 893 Allane
1668 873 1710 893 ex

240 918 382 952 australi
411 918 629 966 partibusla
657 932 694 953 se
724 926 759 953 et
777 919 847 953 suis
867 919 1128 954 successoribus
1157 920 1248 954 dicte
1276 920 1467 967 capellanie
1495 920 1681 967 capellanis
1704 942 1709 947 -

240 979 274 1013 in
296 980 454 1014 manibus
481 980 693 1015 honorabilis
712 980 777 1014 viri
806 980 1012 1015 Archibaldi
1032 979 1280 1015 Herbertsoun
1300 981 1418 1015 balliui
1450 981 1542 1016 dicte
1561 981 1710 1017 ciuitatis

240 1053 303 1087 per
324 1040 355 1075 le
386 1040 473 1087 hesp
505 1046 541 1075 et
571 1041 685 1088 stapill
717 1041 1009 1076 deliberacionem
1041 1042 1234 1087 resignauit
1265 1049 1300 1076 et
1332 1042 1461 1077 dimisit
1491 1042 1524 1077 in
1555 1043 1708 1077 fauorem

240 1102 450 1137 venerabilis
478 1108 514 1137 et
539 1103 695 1150 religiosi
727 1103 834 1151 patris
865 1103 998 1138 Fratris
1031 1103 1176 1150 Robertj
1212 1104 1302 1138 Lille
1336 1117 1501 1151 sacreque
1532 1104 1709 1151 theologie

239 1163 423 1210 bachalarij
444 1176 483 1198 ac
504 1163 633 1198 Prioris
656 1163 824 1198 dictorum
850 1164 1009 1199 Fratrum
1033 1164 1292 1199 predicatorum
1313 1171 1348 1199 et
1366 1178 1505 1199 suorum
1535 1178 1708 1200 successo-

240 1236 314 1258 rum
333 1224 391 1271 qui
410 1237 473 1271 pro
492 1231 649 1272 tempore
664 1225 795 1259 fuerint
811 1233 820 1261 l
837 1225 884 1260 Et
902 1225 967 1259 hoc
982 1225 1015 1259 in
1036 1225 1250 1260 excambium
1266 1226 1386 1260 decem
1403 1226 1589 1260 solidorum
1605 1227 1710 1260 annui

238 1285 396 1320 redditus
428 1285 523 1332 prius
550 1285 633 1333 ipsis
661 1286 841 1320 Fratribus
873 1286 1068 1321 debitorum
1100 1287 1143 1321 de
1175 1293 1376 1322 tenemento
1405 1287 1614 1322 venerabilis
1645 1287 1710 1321 viri

241 1346 398 1392 magistri
417 1345 554 1381 Thome
574 1346 689 1393 Leyss
709 1347 828 1381 vicarii
848 1347 891 1382 de
910 1347 1089 1394 Drigrane
1109 1348 1151 1383 ad
1170 1361 1316 1395 presens
1336 1348 1494 1383 edificato
1514 1355 1549 1383 et
1567 1349 1708 1383 restrin-

239 1407 337 1454 gibili
357 1420 420 1454 pro
440 1407 617 1442 solucione
636 1407 831 1442 huiusmodi
863 1408 984 1443 decem
1016 1409 1203 1443 solidorum
1226 1430 1232 1436 ·
1259 1410 1350 1444 Acta
1381 1416 1480 1444 erant
1510 1410 1575 1444 hec
1605 1422 1709 1457 super

240 1468 349 1502 solum
365 1468 533 1503 dictarum
548 1475 718 1503 terrarum
734 1469 956 1516 presentibus
972 1469 1099 1504 ibidem
1116 1470 1276 1504 discretis
1292 1470 1374 1505 viris
1389 1470 1535 1505 dominis
1553 1470 1708 1505 Roberto

241 1527 442 1564 Crechtoun
488 1529 645 1564 Roberto
664 1530 829 1565 Duranse
875 1529 1081 1565 Alexandro
1104 1531 1283 1578 Hommyll
1302 1531 1430 1565 balliuo
1449 1531 1540 1566 dicte
1560 1531 1709 1566 ciuitatis

241 1591 398 1626 Roberto
420 1591 558 1626 Walcar
599 1591 761 1628 Johanne
790 1591 944 1638 Bargille
975 1598 1010 1626 et
1040 1592 1177 1626 Adamo
1207 1592 1381 1639 Flemyng
1402 1613 1408 1619 ·
1430 1591 1591 1628 Johanne
1622 1592 1707 1626 Blak

241 1652 368 1687 clerico
390 1652 622 1699 Glasguensis
641 1653 789 1688 diocesis
808 1653 936 1688 arcium
956 1653 1122 1700 magistro
1142 1653 1278 1688 notario
1296 1653 1434 1700 publico
1457 1675 1462 1679 -

242 1835 515 1870 Instrumentum
535 1836 639 1870 annui
658 1836 815 1871 redditus
834 1836 877 1870 de
897 1841 1098 1870 tenemento
1118 1836 1197 1870 olim
1219 1836 1313 1870 Petri
1335 1835 1542 1882 Colquhoun
1566 1856 1571 1861 ·

242 1928 300 1993 ΙΝ
317 1971 463 1994 NOMINE
480 1959 629 1994 D0M1N1
646 1971 749 1993 AMEN
791 1959 967 1994 Nouerint
982 1959 1135 1994 vniuersi
1154 1959 1328 2006 presentis
1347 1958 1567 1993 instrumenti
1581 1958 1705 1993 seriem

242 2019 433 2066 inspecturi
463 2020 555 2067 quod
585 2032 675 2054 anno
708 2020 891 2055 Dominice
928 2020 1179 2054 incarnacionis
1215 2020 1395 2054 millesimo
1426 2019 1705 2066 quingentesimo

241 2081 410 2128 vigesimo
425 2081 578 2116 secundo
592 2081 648 2116 die
663 2093 748 2116 vero
763 2081 890 2115 mensis
907 2081 1071 2116 Octobris
1091 2081 1243 2115 secundo
1291 2081 1328 2114 In
1350 2080 1415 2115 mei
1434 2080 1556 2127 notarij
1577 2080 1705 2128 publici

241 2147 276 2176 et
294 2142 433 2176 testium
452 2141 724 2189 subscriptorum
742 2141 925 2188 presencia
949 2141 1180 2189 personaliter
1207 2141 1353 2176 accessit
1371 2141 1580 2176 venerabilis
1607 2148 1705 2188 pater

240 2202 364 2237 Frater
384 2203 560 2238 Robertus
579 2202 660 2237 Lile
680 2215 777 2238 sacre
795 2202 973 2249 theologie
993 2202 1208 2237 bachalarius
1226 2215 1265 2237 ac
1286 2202 1385 2237 Prior
1406 2202 1565 2237 Fratrum
1587 2202 1704 2237 Predi-

240 2269 393 2298 catorum
408 2263 473 2310 locj
490 2269 526 2298 et
540 2270 733 2298 conuentus
749 2263 898 2298 ciuitatis
916 2263 1147 2310 Glasguensis
1164 2272 1173 2300 l
1189 2264 1232 2298 ad
1246 2276 1364 2298 eorum
1380 2269 1511 2298 vastum
1528 2269 1704 2298 tenemen-

239 2330 309 2358 tum
325 2324 445 2371 jacens
463 2325 497 2358 in
518 2325 658 2360 ciuitate
677 2324 892 2371 Glasguensi
911 2324 945 2358 in
965 2324 1102 2371 publica
1116 2325 1172 2359 via
1190 2336 1256 2370 que
1276 2324 1371 2359 ducit
1389 2337 1408 2359 a
1428 2324 1533 2359 Porta
1548 2324 1702 2358 Australi
