1922 2764
70 601 167 636 xxix.

649 241 825 277 CARTE
856 241 1246 278 GLASGUENSES.
1609 248 1680 280 255

217 411 489 447 Instrumentum
508 412 635 459 dominj
655 411 826 448 Johannis
845 412 981 447 Glouer
999 412 1043 447 de
1061 413 1165 447 terris
1184 419 1220 448 et
1239 426 1322 448 oreo
1341 414 1513 460 quondam
1535 415 1680 462 Robertj

219 472 291 507 Ker
310 479 345 508 et
363 473 406 508 de
425 479 571 520 quatuor
590 473 708 508 solidis
727 473 901 508 annuatim
921 473 964 508 de
984 473 1085 508 domo
1103 473 1186 509 dicti
1207 473 1354 509 Roberti
1376 474 1449 509 Ker
1471 496 1477 502 ·

217 567 288 633 IN
314 598 405 633 DEI
432 598 642 634 NOMINE
673 598 824 634 AMEN
864 599 932 634 Per
958 599 1024 635 hoc
1050 600 1316 635 instrumentum
1344 605 1461 647 pateat
1479 600 1570 646 quod
1590 612 1681 634 anno

216 659 258 694 ab
276 659 519 695 incarnacione
546 659 688 707 Dominj
717 660 899 695 millesimo
926 660 1270 708 quadringentesimo
1289 660 1502 708 octogesimo
1525 681 1531 687 ·
1556 661 1595 695 In
1614 661 1683 696 mei

214 721 338 768 notarij
358 721 487 768 publici
505 728 541 756 et
559 721 697 756 testium
717 721 989 769 subscriptorum
1015 722 1198 768 presencia
1222 722 1455 769 personaliter
1474 722 1683 757 constitutus

213 782 379 829 prouidus
399 782 450 817 vir
472 783 650 817 Robertus
670 783 743 817 Ker
771 782 957 829 burgensis
983 782 1027 817 de
1050 782 1191 829 Glasgu
1219 795 1297 817 cum
1315 795 1488 818 consensu
1514 782 1685 818 Johannis

215 844 288 879 Ker
306 843 365 891 filij
387 843 437 891 suj
458 850 494 879 et
511 843 650 878 heredis
677 843 852 879 assedauit
870 851 906 878 et
931 843 1097 878 alienauit
1115 856 1221 878 vnum
1239 843 1374 878 horium
1402 844 1580 890 antiquum
1599 843 1683 879 alias

217 905 364 952 Georgij
385 905 428 940 de
449 905 641 940 Murhouse
661 905 788 952 dominj
809 905 964 940 eiusdem
979 905 1100 951 jacens
1119 905 1208 939 infra
1226 904 1401 940 ciuitatem
1420 904 1680 951 Glasguensem

215 974 249 1001 et
268 967 480 1002 territorium
499 967 654 1002 eiusdem
672 966 705 1000 in
728 966 818 1001 Vico
838 966 1027 1001 Furcarum
1054 978 1099 1000 ex
1117 972 1215 1012 parte
1246 965 1370 1001 boriali
1401 965 1557 1001 eiusdem
1589 966 1680 1000 inter

213 1034 324 1063 terras
355 1027 438 1062 dicti
469 1027 596 1074 dominj
629 1027 672 1062 de
710 1027 904 1062 Murhouse
933 1039 977 1061 ex
1006 1032 1107 1074 parte
1139 1026 1300 1062 orientali
1332 1032 1368 1062 et
1397 1033 1481 1062 tunc
1511 1028 1679 1074 temporis

214 1088 361 1135 Robertj
378 1088 514 1123 Barbur
529 1101 573 1123 ex
591 1094 689 1135 parte
704 1087 909 1123 occidentali
932 1109 938 1114 ·
961 1087 1113 1123 discreto
1127 1087 1203 1122 viro
1221 1087 1361 1123 domino
1374 1087 1398 1126 J
1401 1088 1528 1122 ohanni
1544 1088 1679 1123 Glouar

212 1150 408 1197 presbitero
430 1170 437 1176 ·
461 1149 671 1184 Tenendum
690 1156 725 1184 et
751 1149 947 1184 habendum
974 1149 1169 1196 predictum
1196 1148 1331 1183 borium
1350 1161 1427 1184 cum
1458 1154 1554 1184 certa
1572 1149 1682 1184 cauda

213 1218 306 1247 terre
326 1211 408 1246 alias
427 1224 490 1259 per
508 1211 696 1246 lineatores
724 1211 816 1246 dicte
836 1211 985 1246 ciuitatis
1014 1211 1057 1245 de
1087 1210 1230 1258 speciali
1257 1210 1419 1245 mandato
1447 1223 1584 1246 necnon
1603 1223 1680 1246 cum

213 1285 385 1308 consensu
403 1272 528 1319 prefati
549 1271 695 1319 Georgij
716 1272 759 1307 de
778 1271 972 1306 Murhouse
992 1278 1190 1307 mensurata
1212 1278 1248 1307 et
1274 1271 1403 1306 lineata
1421 1272 1514 1307 dicto
1541 1272 1680 1307 domino

212 1334 363 1380 Johannj
388 1333 523 1369 Glouer
542 1347 561 1369 a
579 1333 671 1369 dicto
695 1334 852 1368 Roberto
872 1333 946 1368 Ker
963 1333 1152 1368 heredibus
1171 1332 1241 1367 suis
1260 1339 1296 1368 et
1314 1333 1499 1380 assignatis
1522 1333 1556 1367 in
1576 1333 1680 1368 feodo

214 1402 250 1431 et
267 1396 461 1430 hereditate
487 1395 739 1443 imperpetuum
764 1416 770 1422 ·
796 1394 992 1429 Reddendo
1023 1394 1105 1429 inde
1137 1394 1312 1429 annuatim
1344 1394 1436 1429 dicto
1460 1393 1619 1441 Georgio
1638 1395 1681 1429 de

213 1457 407 1492 Murhouse
426 1457 565 1491 domino
592 1456 747 1492 eiusdem
775 1468 899 1490 nouem
933 1455 1061 1490 solidos
1079 1455 1208 1490 vsualis
1239 1461 1378 1490 monete
1407 1455 1510 1502 regni
1531 1455 1651 1490 Scocie
1674 1476 1680 1482 ·

214 1518 362 1566 Insuper
380 1530 464 1553 vero
487 1518 600 1552 dictus
632 1517 809 1552 Robertus
843 1517 916 1551 Ker
946 1529 1023 1551 cum
1041 1529 1214 1551 consensu
1248 1516 1331 1551 dicti
1361 1516 1421 1564 filij
1454 1516 1507 1551 sui
1538 1516 1682 1552 tradidit

213 1586 359 1627 quatuor
378 1579 506 1614 solidos
525 1579 629 1614 annui
656 1578 813 1613 redditus
832 1578 875 1612 de
903 1584 1105 1613 tenemento
1125 1591 1186 1612 suo
1214 1578 1353 1625 jacente
1385 1578 1420 1612 in
1441 1577 1532 1613 Vico
1553 1578 1680 1613 Sancte

213 1641 346 1676 Teuew
362 1653 404 1675 ex
421 1648 518 1688 parte
537 1639 656 1674 boriali
674 1639 828 1674 eiusdem
848 1639 939 1673 inter
953 1645 1154 1674 tenementa
1167 1639 1337 1675 Johannis
1354 1639 1503 1674 Roberti
1518 1652 1562 1674 ex
1581 1646 1679 1687 parte

213 1702 418 1737 occidentali
437 1708 472 1736 et
489 1701 658 1738 Johannis
679 1700 844 1748 Hugonis
863 1713 908 1735 ex
926 1706 1024 1747 parte
1044 1700 1204 1735 orientali
1226 1721 1232 1727 ·
1258 1700 1349 1735 Acta
1367 1707 1468 1735 erant
1491 1700 1557 1735 hec
1575 1713 1679 1748 super

214 1763 322 1797 solum
341 1763 509 1797 dictorum
529 1761 722 1797 tenementi
740 1768 775 1796 et
792 1761 879 1808 horij
900 1761 1122 1808 presentibus
1140 1761 1268 1796 ibidem
1287 1761 1448 1796 discretis
1469 1768 1505 1796 et
1525 1761 1680 1808 prouidis

213 1825 296 1858 viris
315 1824 453 1858 domino
480 1823 633 1858 Patricio
653 1823 873 1870 Cuningham
920 1822 1097 1857 Willelmo
1123 1820 1271 1870 Martinj
1324 1823 1486 1859 Johanne
1516 1823 1679 1859 Nicholai

213 1892 404 1920 mercatore
445 1884 621 1919 Willelmo
640 1884 728 1919 Blak
764 1884 927 1921 Johanne
948 1884 1085 1931 Moricij
1128 1884 1265 1919 Thoma
1283 1885 1326 1919 de
1343 1884 1525 1920 Priestwik
1545 1885 1680 1920 sissori-

213 1947 276 1981 bus
319 1945 438 1980 Dauid
468 1945 511 1980 de
533 1945 718 1980 Ottirburn
746 1951 782 1980 et
810 1945 967 1980 Roberto
995 1945 1178 1980 Michaelis
1198 1945 1324 1981 cliente
1357 1959 1433 1980 cum
1460 1946 1577 1982 multis
1604 1947 1679 1982 aliis

213 2007 446 2054 burgensibus
465 2013 500 2042 et
518 2007 650 2041 civibus
668 2007 712 2041 de
734 2006 877 2053 Glasgw
896 2006 1043 2041 testibus
1066 2027 1071 2033 ·
1094 2006 1255 2042 Johanne
1277 2007 1461 2042 Michaelis
1479 2008 1677 2055 presbitero

216 2068 448 2115 Glasguensis
466 2067 614 2102 diocesis
633 2067 767 2102 notario
790 2088 796 2094 ·
