1922 2764
646 221 861 258 ORDINIS
892 220 1326 256 PREDICATORUM.
1653 226 1719 260 1951

256 346 430 370 cessorum
459 333 612 368 eiusdem
642 332 825 367 amicorum
855 331 1230 379 parrochianorumque
1259 344 1411 366 meorum
1458 332 1503 366 Et
1531 332 1717 366 animarum

255 396 390 430 illorum
410 408 429 429 a
447 394 570 441 quibus
589 394 679 428 bona
697 393 810 440 aliqua
829 393 861 427 in
881 392 953 428 vita
970 405 1046 427 mea
1064 392 1180 439 rccepi
1200 405 1262 439 pro
1282 392 1405 439 quibus
1424 393 1464 427 ad
1486 392 1624 439 plenum
1651 405 1718 427 non

257 456 405 491 satisfeci
426 454 645 506 omniumque
668 454 819 488 fidelium
849 454 1088 489 defunctorum
1118 453 1228 487 salute
1251 474 1257 480 ·
1281 466 1380 487 vnam
1401 454 1624 500 capellaniam
1644 467 1721 501 per-

256 524 393 564 petuam
413 516 446 550 in
467 514 625 550 Ecclesia
641 514 799 549 Fratrum
821 515 1079 550 predicatorum
1099 514 1189 549 infra
1206 514 1380 549 ciuitatem
1401 515 1659 561 Glasguensem
1679 516 1721 550 ad

257 589 417 623 magnum
436 577 544 611 altare
564 576 719 610 eiusdem
738 576 886 611 ecclesie
915 577 958 611 de
978 576 1140 611 censibus
1166 575 1361 610 redditibus
1388 582 1424 610 et
1451 576 1595 622 edificijs
1621 576 1723 610 infra-

256 638 392 686 scriptis
411 638 455 673 de
474 650 565 673 nouo
584 638 748 672 fundasse
768 638 988 673 constituisse
1008 637 1164 672 erexisse
1192 644 1228 672 et
1254 638 1432 672 ordinasse
1479 637 1626 672 Necnon
1647 651 1723 684 pre-

256 699 365 734 sentis
384 699 502 746 scripti
522 705 643 734 tenore
663 711 725 746 pro
743 705 914 746 perpetuo
932 699 1079 734 fundare
1099 699 1311 734 constituere
1342 698 1480 746 erigere
1500 705 1536 733 et
1562 699 1723 734 ordinare

259 761 329 795 Sub
349 761 449 795 modo
469 766 505 795 et
521 760 629 794 forma
662 760 889 807 sequentibus
908 760 1072 795 videlicet
1117 760 1222 801 Quod
1250 760 1391 795 Fratres
1421 760 1662 795 Predicatores
1682 761 1724 795 de

260 823 403 870 Glasgw
431 822 680 858 conuentnales
707 822 886 870 perpetuis
917 822 1041 856 suturis
1072 821 1286 869 temporibus
1314 834 1388 856 cum
1409 828 1512 856 cantu
1544 821 1617 856 siue
1645 828 1726 856 nota

258 885 415 919 omnibus
435 891 470 920 et
499 884 645 931 singulis
665 884 787 918 diebus
808 883 1003 918 Dominicis
1030 883 1138 917 tercia
1156 889 1278 930 quarta
1295 883 1415 930 quinta
1442 889 1477 917 et
1504 890 1603 917 sexta
1622 882 1725 929 ⁴ferijs

258 959 296 982 ac
318 946 475 982 Sabbatis
495 946 652 980 omnibus
673 958 772 980 vnam
792 945 1016 992 capellaniam
1036 951 1238 992 perpetuam
1270 957 1334 991 pro
1360 957 1415 979 me
1434 951 1531 991 patre
1551 957 1590 979 ac
1618 951 1725 978 matre

258 1008 343 1043 meis
363 1015 397 1043 et
416 1007 543 1042 ceteris
562 1006 805 1054 suprascriptis
825 1006 913 1040 viuis
933 1019 972 1041 ac
990 1005 1163 1040 defunctis
1190 1006 1232 1040 ad
1264 1006 1391 1040 dictum
1426 1018 1585 1052 magnum
1618 1005 1726 1040 altare

259 1070 386 1104 deuote
402 1069 629 1104 celebrabunt
668 1068 724 1103 Sic
738 1067 829 1115 quod
847 1080 933 1101 vnus
949 1067 1107 1101 Fratrum
1123 1066 1358 1114 predictorum
1374 1080 1436 1113 per
1456 1079 1552 1101 suum
1571 1066 1725 1101 Priorem

259 1144 321 1178 pro
349 1138 506 1178 tempore
526 1130 735 1165 existentem
761 1128 1004 1164 ebdomidatim
1033 1128 1252 1175 deputandus
1278 1128 1390 1162 statim
1419 1135 1496 1174 post
1517 1128 1663 1162 Primam
1684 1129 1727 1162 ad

259 1192 429 1240 prefatum
450 1205 610 1239 magnum
630 1191 738 1226 altare
758 1191 902 1225 Missam
926 1190 968 1224 de
990 1189 1098 1224 Beata
1118 1189 1268 1236 Virgine
1290 1188 1403 1223 Maria
1421 1202 1496 1223 cum
1516 1196 1619 1223 cantu
1638 1189 1728 1223 cele-

259 1255 373 1289 brabit
400 1261 435 1289 et
461 1255 550 1302 piam
570 1253 935 1288 commemoracionem
968 1265 1030 1299 pro
1058 1264 1112 1286 me
1141 1258 1175 1286 ct
1194 1251 1320 1286 ceteris
1353 1251 1596 1298 suprascriptis
1626 1251 1730 1285 faciet

262 1316 470 1364 Cuiquidem
490 1315 601 1350 Misse
621 1327 729 1362 vsque
748 1314 850 1349 finem
872 1313 1026 1348 eiusdem
1056 1325 1175 1348 omnes
1203 1312 1345 1347 Fratres
1364 1312 1613 1347 conuentuales
1640 1312 1730 1346 infra

261 1378 435 1413 ciuitatem
459 1377 716 1424 Glasguensem
737 1389 799 1423 pro
818 1381 974 1422 tempore
995 1375 1190 1409 residentes
1210 1380 1390 1409 cantantes
1422 1380 1458 1409 et
1484 1374 1601 1408 debite
1627 1382 1730 1420 prout

261 1439 364 1474 decet
390 1438 624 1473 ministrantes
651 1438 850 1472 intererunt
893 1436 966 1470 Illis
998 1435 1179 1470 Fratribus
1208 1436 1264 1483 qui
1297 1436 1329 1469 in
1363 1436 1496 1470 lectura
1526 1442 1585 1470 aut
1616 1436 1730 1470 studio

261 1508 418 1548 tempore
437 1499 688 1535 celebracionis
706 1499 798 1533 dicte
820 1498 929 1532 Misse
949 1497 1130 1532 actualiter
1150 1497 1307 1532 existunt
1322 1497 1557 1532 tantummodo
1574 1497 1731 1544 exceptis

264 1562 431 1603 Qualibet
449 1574 533 1596 vero
550 1560 638 1596 feria
656 1560 809 1595 secunda
827 1558 981 1606 profatus
1001 1558 1125 1593 Frater
1140 1564 1177 1593 vt
1195 1558 1399 1605 premissum
1421 1564 1473 1592 est
1491 1571 1554 1604 per
1575 1557 1730 1592 Priorem

262 1623 481 1671 deputandus
500 1623 541 1657 ad
569 1622 697 1656 dictum
717 1621 825 1655 altare
854 1620 968 1654 statim
997 1626 1075 1666 post
1104 1619 1250 1653 Primam
1280 1632 1354 1654 cum
1388 1619 1457 1653 suis
1488 1619 1731 1654 Confratribns

263 1685 407 1719 Missam
426 1697 488 1732 pro
510 1683 696 1718 Defunctis
716 1682 849 1717 scilicet
868 1681 925 1716 De
947 1681 1118 1727 Requiem
1138 1693 1201 1727 pro
1216 1693 1270 1715 me
1291 1687 1326 1715 et
1341 1680 1469 1715 ceteris
1489 1680 1731 1727 suprascriptis

264 1746 420 1780 similiter
440 1745 592 1780 cantabit
611 1751 646 1779 et
665 1744 793 1778 deuote
838 1743 878 1777 In
909 1742 1054 1789 singulis
1075 1754 1158 1776 vero
1190 1742 1288 1776 festis
1308 1742 1417 1776 Beate
1437 1741 1551 1775 Marie
1573 1741 1732 1787 Virginis

264 1819 399 1841 necnon
419 1804 806 1841 commemoracionibus
821 1804 975 1838 ciusdem
992 1803 1129 1849 quando
1148 1803 1191 1837 de
1211 1803 1284 1850 ipsa
1300 1803 1341 1836 ad
1363 1802 1553 1848 predictum
1571 1815 1731 1848 magnum

265 1867 372 1902 altare
392 1867 586 1901 cantabitur
606 1866 718 1900 Missa
736 1865 849 1900 statim
871 1872 950 1911 post
977 1863 1278 1898 consecracionem
1308 1863 1463 1910 corporis
1493 1870 1528 1898 et
1555 1863 1734 1910 sanguinis

265 1927 408 1962 Domini
428 1940 514 1962 vnus
534 1927 693 1961 Fratrum
713 1925 947 1973 predictorum
974 1924 1117 1959 Missam
1146 1924 1305 1971 priuatim
1326 1925 1368 1959 de
1390 1924 1498 1959 Beata
1519 1924 1632 1958 Maria
1651 1924 1731 1958 Vir-

263 1990 345 2036 gine
365 1989 406 2023 ad
426 1988 533 2023 altare
553 1988 705 2023 eiusdem
727 1985 886 2033 Virginis
908 1985 939 2019 in
961 1985 1051 2019 (licta
1070 1985 1217 2019 ecclesia
1237 1986 1365 2032 absque
1382 1994 1484 2019 cantu
1505 1991 1539 2019 ct
1558 1985 1632 2019 sine
1652 1991 1731 2020 nota

264 2063 326 2098 pro
345 2063 399 2085 me
419 2057 454 2084 et
467 2049 594 2084 ceteris
614 2047 855 2095 suprascriptis
871 2046 1062 2081 celebrabit
1077 2045 1222 2092 singulis
1238 2046 1336 2080 annis
1355 2046 1608 2093 imperpetuum
1632 2067 1637 2072 ·
1664 2046 1730 2079 Pro

264 2111 502 2158 cuiusquidem
521 2109 711 2158 capellanie
731 2107 988 2142 sustentacione
1011 2107 1044 2140 in
1073 2107 1231 2141 omnibus
1252 2113 1286 2141 et
1312 2120 1375 2154 per
1394 2107 1507 2142 omnia
1526 2113 1563 2141 vt
1589 2107 1731 2154 premis—

265 2186 337 2208 sum
354 2180 408 2208 est
423 2185 488 2220 ego
508 2172 699 2206 Willelinus
714 2169 909 2205 antedictus
925 2168 1088 2215 expensis
1104 2168 1188 2202 meis
1203 2168 1353 2215 proprijs
1367 2168 1408 2202 ad
1424 2168 1639 2202 commodum
1657 2181 1732 2214 pro-

262 2236 391 2270 fectum
419 2240 454 2269 et
480 2233 661 2268 vtilitatem
691 2232 859 2266 dictorum
888 2230 1046 2264 Fratrum
1075 2235 1271 2263 construam
1300 2236 1335 2264 et
1366 2229 1535 2264 edificabo
1564 2242 1625 2263 seu
1655 2242 1733 2263 con-

265 2304 400 2330 struere
420 2302 455 2330 et
474 2295 634 2330 edificare
655 2294 773 2327 faciam
794 2304 868 2326 cum
898 2291 1054 2325 domibus
1083 2296 1117 2325 et
1144 2290 1341 2325 asiamentis
1369 2289 1598 2337 infrascriptis
1626 2296 1733 2324 totum
