1922 2764
110 1094 191 1115 XXV.

243 236 312 267 ‘252
831 237 1107 273 APPENDIX.

244 342 389 389 obligari
408 344 509 379 dictis
540 345 686 381 ecclesie
714 353 749 381 et
767 347 904 394 vicarijs
930 361 993 394 pro
1019 361 1133 383 annuo
1153 349 1290 383 redditu
1310 349 1506 396 supradicto
1525 363 1587 396 pro
1605 351 1700 385 anni—

244 404 397 438 uersario
416 405 505 439 bone
524 407 689 441 memorie
707 407 834 454 dominj
857 407 1020 455 Willelmj
1044 409 1118 444 Raa
1135 409 1306 456 quondam
1325 410 1478 458 episcopi
1502 411 1698 458 Glasguen-

243 464 289 499 sis
312 485 318 491 -
343 465 434 500 Acta
451 466 592 501 fuerunt
621 467 686 502 hec
714 468 748 502 in
768 468 860 503 dicta
879 469 1038 504 Ecclesia
1059 469 1271 516 Glasguensi
1294 491 1300 497 ·
1322 471 1543 518 presentibus
1574 472 1700 507 ibidem

243 526 500 561 venerabilibus
519 534 554 562 et
584 527 743 563 discretis
761 529 844 563 viris
875 529 1049 576 magistris
1080 538 1116 565 et
1145 531 1291 566 dominis
1312 532 1488 567 Willelmo
1506 533 1549 567 de
1571 533 1699 568 Guuan

245 586 394 621 Patricio
407 587 516 623 Leich
539 609 545 615 -
568 588 685 623 Dauid
705 590 748 624 de
768 590 861 624 Narn
878 590 1052 625 canonicis
1070 592 1161 627 dicte
1181 593 1328 627 ecclesie
1350 613 1356 620 ·
1382 593 1531 628 Ricardo
1547 593 1701 628 Gardnir

242 647 402 683 Johanne
421 649 464 684 de
486 650 658 684 Newtoun
685 657 720 685 et
744 650 904 686 Johanne
932 652 975 686 de
1004 652 1215 687 Robertown
1243 653 1446 699 presbiteris
1468 654 1699 701 Glasguensis

243 708 391 744 diocesis
409 723 484 744 cum
505 711 619 745 multis
646 711 721 757 alijs
751 712 897 746 testibus
920 732 925 739 ·
947 712 1107 748 Johanne
1139 713 1182 748 de
1216 713 1352 760 Hawyk
1382 714 1576 761 presbitero
1598 715 1700 750 Glas-

243 771 385 817 guensis
404 771 551 806 diocesis
570 772 704 806 notario
722 772 859 819 publico
881 794 886 799 -

247 954 314 988 Pro
333 954 497 1000 magistro
519 954 632 989 Dauid
653 955 695 989 de
717 954 904 1001 Cadyoche
928 977 932 981 ·

246 1046 315 1112 [N
343 1077 432 1112 DEI
462 1078 669 1113 NOMINE
700 1079 850 1113 AMEN
873 1100 878 1106 ·
904 1079 971 1114 Per
989 1080 1054 1114 hoc
1085 1080 1349 1115 instrumentum
1370 1088 1484 1128 pateat
1501 1082 1592 1129 quod
1611 1095 1702 1117 anno

244 1139 286 1173 ab
306 1139 545 1174 incarnacione
561 1140 713 1174 eiusdem
730 1140 910 1175 millesimo
925 1141 1266 1187 quadringentesimo
1281 1142 1565 1189 quinquagesimo
1580 1144 1701 1190 quinto

244 1201 371 1235 mensis
387 1201 521 1248 Aprilis
540 1201 596 1235 die
628 1214 651 1234 x
676 1222 682 1227 -
706 1201 745 1235 In
767 1201 832 1235 mei
847 1202 970 1248 notarij
990 1202 1116 1249 publici
1133 1208 1167 1236 et
1185 1202 1323 1237 testium
1340 1203 1609 1251 subscriptorum
1624 1216 1701 1251 pre—

244 1262 359 1297 sencia
376 1262 555 1298 Johanncs
573 1264 719 1297 Stenson
740 1263 925 1310 burgensis
943 1264 986 1298 de
1005 1263 1139 1310 Glasgu
1160 1263 1317 1299 vendidit
1335 1277 1458 1311 magne
1477 1265 1701 1300 discrecionis

244 1323 318 1357 viro
345 1323 509 1369 magistro
536 1324 654 1358 Dauid
685 1324 727 1358 de
749 1324 937 1371 Cadyoche
970 1324 1167 1371 precentori
1200 1324 1347 1359 ecclesie
1370 1325 1600 1372 Glasguensis
1629 1333 1700 1361 tres

243 1385 370 1419 solidos
389 1385 493 1419 annui
512 1385 668 1420 redditus
687 1385 730 1420 de
751 1398 817 1420 vno
836 1392 1036 1420 tenemento
1056 1386 1195 1432 jacente
1215 1398 1259 1419 ex
1278 1393 1375 1432 parte
1394 1387 1599 1422 occidentali
1620 1387 1700 1422 Vici

242 1447 426 1481 Fullonum
441 1446 532 1481 inter
545 1453 671 1481 terram
687 1447 858 1493 quondam
874 1446 1019 1481 Andree
1036 1446 1200 1480 Raburne
1217 1459 1261 1480 ex
1276 1452 1372 1494 parte
1389 1447 1508 1482 boriali
1524 1455 1559 1483 et
1573 1454 1699 1483 terram

244 1507 379 1541 Thome
401 1507 488 1541 Wan
504 1519 549 1541 cx
566 1513 664 1554 parte
678 1507 818 1542 australi
836 1520 899 1554 pro
918 1507 1146 1553 quadraginta
1164 1507 1282 1541 solidis
1297 1507 1424 1542 vsualis
1442 1515 1580 1543 monete
1599 1509 1699 1556 regni

245 1569 365 1603 Scocie
388 1588 393 1594 -
418 1568 464 1602 Et
479 1568 630 1603 Mariota
645 1568 735 1602 Dwn
750 1568 872 1603 relicta
885 1568 1055 1614 quondam
1073 1567 1250 1614 Wyllelmi
1268 1568 1311 1602 de
1330 1569 1497 1604 Kerswell
1516 1570 1700 1617 burgensis

243 1630 286 1664 de
309 1629 445 1676 Glasgu
464 1629 621 1664 vendidit
638 1630 796 1677 predicto
814 1629 979 1676 magistro
1011 1628 1128 1663 Dauid
1159 1629 1245 1663 duos
1264 1629 1392 1664 solidos
1410 1630 1513 1664 annui
1545 1630 1700 1665 redditus

243 1692 286 1726 de
306 1704 374 1726 vno
392 1697 593 1726 tenemento
607 1691 746 1738 jacente
766 1703 811 1726 ex
828 1697 925 1738 parte
946 1690 1065 1725 boriali
1086 1689 1165 1724 Vici
1186 1689 1294 1725 Beate
1314 1690 1445 1725 Tenaw
1463 1691 1554 1726 inter
1572 1698 1700 1726 terram

246 1752 379 1787 Mathei
409 1752 555 1787 Stewart
586 1765 630 1786 ex
660 1759 755 1799 parte
775 1751 980 1786 occidentali
1012 1758 1048 1786 et
1077 1757 1204 1786 terram
1227 1751 1404 1798 Wyllelmi
1426 1752 1636 1800 Goldsmyth
1655 1765 1700 1788 ex

244 1821 341 1860 parte
361 1813 519 1848 orientali
539 1826 600 1860 pro
620 1813 742 1860 viginti
762 1826 825 1847 sex
844 1812 962 1847 solidis
982 1818 1017 1847 et
1035 1819 1113 1847 octo
1131 1812 1282 1859 denarijs
1302 1813 1429 1847 vsualis
1443 1820 1580 1849 monete
1600 1814 1701 1861 regni

247 1875 367 1910 Scocie
390 1895 395 1900 ·
421 1874 512 1909 Acta
530 1882 609 1909 sunt
634 1874 699 1909 hec
725 1874 758 1908 in
779 1874 870 1908 dicta
896 1872 1036 1908 ciuitate
1058 1872 1269 1919 Glasguensi
1296 1874 1515 1920 presentibus
1540 1874 1701 1910 ,Iohanne

246 1936 442 1970 Macmulan
473 1935 597 1970 balliuo
613 1945 622 1972 Ι
639 1935 757 1970 Dauid
788 1935 894 1981 Hyne
941 1934 1086 1968 Andrea
1106 1933 1221 1980 Brady
1264 1934 1425 1970 ,Iohanne
1445 1935 1487 1970 de
1510 1935 1646 1982 Glasgu
1665 1943 1701 1971 et

250 1997 403 2032 Roberto
424 1997 583 2043 Fausyde
603 1997 788 2044 sergiando
807 2009 883 2031 cum
903 1996 1016 2030 multis
1043 1995 1118 2042 alijs
1143 1995 1288 2030 testibus
1311 2017 1317 2022 -
1343 1996 1499 2031 Henrico
1519 1996 1701 2032 Michaelis

246 2058 375 2092 clerico
398 2057 628 2104 Glasguensis
648 2057 794 2093 diocesis
814 2057 945 2091 notario
965 2056 1101 2103 publico
1123 2077 1128 2082 ·
