1922 2764
654 273 694 308 Β,
724 273 770 308 V.
799 273 968 308 MARIE
996 274 1064 309 ET
1093 275 1127 310 S.
1156 275 1314 312 ANNE.
1670 288 1715 322 59

255 371 360 406 Anne
386 371 571 406 Beatarum
598 370 790 405 dedicatam
817 377 1047 418 nuncupatam
1075 372 1256 407 ecclesiam
1283 374 1317 408 in
1339 375 1566 423 Collegiatam
1594 379 1715 414 Eccle-

253 432 335 466 siam
355 444 417 479 pro
435 437 605 479 perpetuo
624 432 844 466 sublimamus
862 440 871 468 l
888 445 1031 479 eamque
1051 432 1239 468 honoribus
1254 434 1480 481 dignitatibus
1499 439 1714 475 antelationi-

253 492 314 527 bus
342 498 378 527 et
403 492 665 539 preeminentiis
694 492 945 540 Collegialibus
972 493 1175 528 decoramus
1206 494 1355 530 Necnon
1382 502 1418 531 et
1444 497 1604 533 vicariam
1631 513 1713 547 pen-

251 553 433 587 sionariam
464 553 672 588 antedictam
702 553 845 588 liberam
872 566 917 588 ex
942 554 1112 589 fructibus
1144 554 1370 602 Prepositure
1399 560 1712 604 supramentionatc

249 613 515 648 dimembramus
547 620 582 648 et
608 614 867 649 dimembratam
898 620 1088 649 extractam
1116 621 1151 650 et
1178 616 1399 652 constitutam
1430 631 1493 665 pro
1523 620 1711 655 animarum

248 687 332 709 cura
349 674 529 709 subeunda
546 675 724 721 perpetuis
741 675 867 709 futuris
885 676 1097 723 temporibus
1116 676 1150 711 in
1171 677 1262 711 dicta
1280 678 1486 724 parrochiali
1505 680 1651 715 ecclesia
1669 682 1711 717 de

250 735 363 782 Dalry
388 748 543 770 creamus
564 744 573 771 Ι
594 736 835 782 fructuumque
864 736 1125 784 dispositionem
1144 745 1180 772 et
1198 738 1450 774 ordinationem
1473 745 1711 788 terrarumque

247 802 525 831 tenementorum
553 809 743 831 annuorum
771 797 968 832 reddituum
996 803 1032 832 et
1057 798 1315 844 posscssionum
1339 812 1622 848 quorumcunque
1649 815 1711 849 per

247 857 375 891 dictum
400 857 602 903 magistrum
620 857 787 893 Jacobum
816 857 1050 893 subdecanum
1068 858 1288 894 fundatorem
1307 866 1366 895 aut
1384 860 1467 895 alias
1487 874 1710 910 quoscunque

247 924 283 952 vt
300 918 512 964 premittitur
530 918 726 953 deuotionis
745 931 848 953 causa
865 931 957 953 nunc
976 925 1012 954 et
1029 931 1091 966 pro
1111 925 1266 967 tempore
1281 920 1374 955 dicto
1390 920 1551 968 Collegio
1570 935 1709 959 conces-

247 991 362 1013 sorum
376 979 580 1013 donatorum
593 984 628 1014 et
640 979 841 1014 collatorum
859 988 867 1016 l
884 979 1089 1014 donationes
1102 981 1345 1016 concessiones
1360 981 1562 1017 collationes
1575 983 1709 1019 ordina-

245 1039 358 1074 tiones
387 1039 576 1074 diuisiones
608 1039 870 1075 distributiones
902 1046 1029 1075 statuta
1060 1040 1199 1087 regulas
1228 1041 1369 1076 decreta
1400 1048 1435 1076 et
1463 1042 1708 1089 dispositiones

243 1100 439 1134 huiusmodi
457 1100 520 1134 sub
538 1100 640 1134 modo
659 1106 695 1135 et
711 1100 820 1135 forma
845 1100 988 1148 prefatis
1010 1100 1064 1136 Ac
1084 1101 1235 1148 Collegii
1263 1102 1487 1149 Prepositure
1508 1109 1543 1138 et
1560 1105 1708 1150 preben-

243 1161 363 1195 darum
393 1160 626 1207 predictarum
655 1161 867 1196 erectionem
896 1167 931 1196 et
960 1162 1235 1197 sublimationem
1268 1169 1303 1197 et
1328 1163 1455 1198 vicarie
1487 1165 1707 1211 pensionarie

243 1221 418 1256 antedicte
433 1221 645 1256 creationem
662 1229 670 1257 Ι
687 1234 787 1268 quam
803 1235 888 1268 quos
907 1228 1022 1269 etque
1042 1235 1181 1257 exnunc
1199 1223 1300 1257 modo
1320 1229 1355 1258 et
1372 1223 1481 1259 forma
1500 1225 1556 1260 via
1571 1226 1650 1272 jure
1670 1233 1706 1261 et

241 1294 344 1317 causa
371 1282 576 1329 supradictis
593 1282 651 1318 lin
680 1282 838 1317 omnibus
865 1283 935 1317 suis
961 1283 1098 1330 punctis
1120 1283 1283 1318 membris
1310 1284 1565 1320 conditionibus
1593 1292 1628 1321 et
1654 1300 1705 1321 ar-

241 1343 354 1378 ticulis
385 1343 418 1377 in
446 1343 598 1378 vberiori
624 1343 734 1378 forma
765 1356 831 1390 que
862 1356 925 1390 per
952 1343 1231 1390 jurisperitorum
1262 1344 1480 1390 prudentiam
1513 1346 1704 1393 excogitari

240 1404 369 1451 poterit
394 1404 583 1451 pronobis
611 1409 646 1438 et
673 1404 930 1439 successoribus
960 1404 1088 1438 nostris
1117 1404 1402 1452 Archiepiscopis
1424 1406 1704 1452 Glasguensibus

240 1465 419 1512 perpetuis
430 1464 556 1499 futuris
570 1464 782 1512 temporibus
800 1473 808 1501 l
825 1477 900 1499 cum
914 1477 1081 1512 expresso
1096 1477 1268 1500 consensu
1284 1472 1319 1500 et
1331 1479 1474 1501 assensu
1486 1467 1702 1503 dominorum

240 1525 362 1560 decani
389 1525 599 1573 presidentis
628 1531 663 1560 et
689 1525 830 1572 capituli
856 1525 965 1560 nostri
992 1526 1244 1561 antedictorum
1262 1535 1270 1562 l
1287 1527 1389 1561 etiam
1416 1540 1561 1562 vnacum
1588 1536 1702 1575 potes—

239 1593 310 1621 tate
338 1592 374 1621 et
394 1586 556 1621 facultate
583 1586 768 1633 ampliandi
796 1599 976 1621 numerum
1002 1586 1311 1632 prebendariorum
1330 1587 1419 1622 infra
1437 1587 1565 1622 dictum
1587 1588 1702 1624 Colle-

238 1648 331 1695 gium
351 1648 392 1682 ad
412 1660 591 1682 numerum
994 1659 1070 1682 cum
1089 1647 1233 1682 totidem
1252 1647 1368 1693 pueris
1385 1656 1393 1684 l
1411 1647 1579 1683 Creamus
1598 1649 1701 1696 erigi-

238 1721 313 1743 mus
344 1714 380 1743 et
409 1708 667 1755 incorporamus
696 1717 705 1744 l
733 1708 1030 1755 approbamusque
1062 1707 1280 1742 ratifficamus
1308 1714 1343 1743 et
1369 1708 1486 1742 harum
1516 1709 1606 1743 serie
1637 1722 1700 1756 pro

237 1775 407 1816 perpetuo
426 1769 666 1804 confirmamus
683 1778 691 1804 Ι
708 1781 896 1816 omnesque
912 1775 948 1803 et
966 1768 1121 1814 singulos
1139 1774 1207 1802 tam
1222 1768 1310 1814 juris
1325 1781 1424 1814 quam
1443 1769 1523 1803 facti
1542 1769 1698 1804 defectus

238 1830 266 1864 si
281 1831 338 1876 qui
356 1830 391 1864 in
405 1829 582 1877 premissis
600 1829 817 1876 aliquatenus
836 1828 1092 1863 interuenerint
1106 1827 1239 1874 prefata
1253 1828 1457 1862 auctoritate
1473 1828 1671 1875 supplemus
1688 1838 1696 1865 Ι

239 1890 350 1925 Saluis
368 1897 483 1926 tamen
503 1896 539 1925 et
555 1890 744 1925 reseruatis
770 1889 870 1924 nobis
889 1895 925 1924 et
943 1888 1199 1923 successoribus
1226 1887 1353 1922 nostris
1375 1888 1574 1922 obedientia
1595 1889 1698 1935 juris-

237 1951 388 1985 dictione
403 1950 600 1985 visitatione
613 1949 829 1985 correctione
844 1949 995 1983 dominio
1009 1954 1181 1995 potestate
1196 1947 1449 1994 praeminentia
1463 1954 1498 1983 et
1515 1948 1696 1995 punitione

236 2012 402 2047 canonica
421 2011 476 2046 Ac
490 2011 626 2058 juribus
645 2010 803 2045 omnibus
821 2009 1003 2044 ordinariis
1023 2015 1058 2042 et
1077 2007 1360 2042 extraordinariis
1379 2007 1695 2056 Archiepiscopali-

236 2073 300 2107 bus
318 2079 354 2107 et
370 2072 445 2107 aliis
464 2072 506 2106 de
522 2072 601 2118 jure
621 2077 656 2105 et
674 2069 924 2105 consuetudine
940 2075 1019 2103 ante
1037 2068 1232 2102 huiusmodi
1251 2068 1517 2103 annexationem
1533 2069 1693 2104 vnionem

235 2133 548 2179 incorporationem
567 2131 778 2166 creationem
797 2136 832 2165 et
850 2129 1061 2164 erectionem
1076 2128 1202 2163 debitis
1217 2134 1252 2162 et
1266 2128 1440 2163 consuetis
1462 2150 1468 2155 -
1491 2129 1547 2163 IN
1568 2129 1694 2170 QUO·

238 2192 353 2228 RUM
370 2193 520 2227 omnium
540 2199 575 2227 et
593 2191 806 2238 singulorum
821 2190 923 2224 fidem
943 2195 978 2224 et
996 2188 1228 2224 testimonium
1247 2189 1491 2235 premissorum
1510 2196 1693 2236 presentes

234 2253 366 2288 litteras
381 2253 454 2288 siue
466 2253 532 2287 hoc
545 2264 690 2299 presens
703 2251 878 2298 publicum
892 2250 1156 2284 instrumentum
1171 2249 1365 2283 huiusmodi
1380 2255 1514 2284 nostras
1529 2249 1691 2284 vnionem

234 2313 547 2360 incorporationem
559 2311 878 2347 dimembrationem
893 2310 1104 2345 erectionem
1119 2316 1154 2344 et
1168 2309 1376 2345 creationem
1392 2322 1431 2345 ac
1445 2310 1511 2345 alia
1523 2310 1690 2356 premissa
