1922 2764
240 275 286 307 58
567 270 723 305 LIBER
750 269 998 306 ECCLESIE
1027 269 1366 306 COLLEGIATE

236 367 433 402 eminentiis
452 367 617 402 decorare
637 367 693 402 Ac
711 367 871 402 vicariam
890 373 1093 414 perpetuam
1112 366 1259 401 ecclesie
1277 365 1504 413 parrochialis
1519 365 1562 400 de
1582 365 1695 412 Dalry

234 427 426 474 predictam
452 427 586 475 prefato
607 426 768 474 Collegio
787 435 823 462 et
843 428 998 462 eiusdem
1019 427 1242 474 Prepositure
1269 432 1456 461 annectere
1475 427 1574 461 vnire
1593 433 1628 461 et
1645 427 1695 461 in—

234 501 418 535 corporare
438 488 646 536 Nomenque
660 488 779 523 vicarii
794 489 837 523 de
853 494 970 523 cetero
990 488 1204 535 supprimere
1224 487 1271 521 Et
1289 486 1322 521 in
1344 487 1567 534 Prepositure
1583 488 1695 534 digni-

234 555 340 584 tatem
359 549 497 595 erigere
518 549 573 584 Ac
591 549 752 584 vicariam
779 549 1032 596 pensionariam
1060 549 1168 595 ipsam
1188 560 1233 582 ex
1250 547 1419 583 fructibus
1446 548 1694 595 supramentio-

234 609 322 644 natis
347 610 576 645 dimembrare
596 616 631 645 et
649 610 908 645 dimembratam
935 622 1012 644 esse
1032 614 1067 643 et
1085 608 1306 643 constitutam
1333 621 1452 644 creare
1473 608 1640 656 Aliasque
1659 616 1695 644 et

234 670 300 704 alia
325 670 360 704 in
387 670 564 717 premissis
584 676 619 705 et
637 670 728 705 circa
755 683 795 705 ea
821 669 1020 704 necessaria
1037 675 1072 704 et
1091 675 1285 716 opportuna
1302 669 1417 704 facere
1444 676 1480 704 et
1504 682 1631 716 gerere
1650 670 1693 704 de

234 731 408 765 ordinaria
441 731 645 766 auctoritate
681 731 903 777 dignaremur
934 751 940 756 ·
971 729 1047 764 Nos
1082 742 1166 764 vero
1204 729 1363 765 Gauinus
1399 729 1694 777 Archiepiscopus

238 790 470 838 Glasgucnsis
489 791 683 826 antedictus
702 791 759 838 qui
779 791 869 825 circa
888 790 1112 825 ecclesiarum
1130 791 1361 837 quarumlibet
1378 791 1561 837 presertim
1578 791 1693 826 Colle-

233 851 403 897 giatarum
431 857 549 886 nostre
577 851 725 886 diocesis
753 856 878 885 statum
903 851 1003 897 juxta
1028 851 1210 898 pastoralis
1237 851 1337 885 officii
1364 851 1518 886 debitum
1546 852 1692 887 sollicite

235 912 420 959 vigilantes
439 912 473 946 in
493 912 558 946 hiis
577 912 727 946 libenter
747 912 809 946 ciis
827 911 1017 946 assistimus
1036 924 1098 958 per
1117 924 1183 958 que
1201 911 1269 946 illis
1287 924 1326 946 ac
1343 912 1502 959 personis
1527 912 1693 958 predictis

232 973 490 1019 tranquillitatis
519 979 554 1008 ct
580 972 706 1019 quietis
733 972 911 1007 commoda
935 972 1143 1019 perueniant
1169 978 1204 1007 et
1230 985 1349 1007 eorum
1376 972 1588 1019 profectibus
1614 985 1694 1008 con-

233 1033 363 1068 sulatur
379 1042 388 1070 Ι
405 1033 618 1068 dominorum
638 1033 770 1068 abbatis
790 1039 825 1068 et
843 1039 1035 1068 conuentus
1054 1046 1092 1067 ac
1109 1033 1231 1069 Jacobi
1250 1033 1437 1068 subdecani
1451 1033 1643 1068 fundatoris
1658 1040 1694 1069 et

232 1093 349 1128 vicarii
377 1094 537 1140 perpetui
564 1093 798 1141 predictorum
825 1093 986 1140 precibus
1005 1094 1141 1128 deuotis
1160 1099 1196 1129 et
1221 1093 1286 1140 piis
1312 1094 1467 1128 inclinati
1486 1094 1692 1131 desideriis!

232 1161 364 1189 matura
382 1154 633 1189 deliberatione
661 1167 737 1189 cum
765 1154 1024 1189 venerabilibus
1049 1154 1213 1189 fratribus
1240 1154 1367 1189 nostris
1396 1154 1542 1189 dominis
1561 1155 1693 1189 decano

232 1214 432 1261 presidente
452 1221 487 1249 et
505 1215 655 1262 capitulo
673 1214 820 1249 ecclesie
840 1220 958 1250 nostre
977 1215 1243 1261 metropolitane
1265 1214 1496 1261 Glasguensis
1514 1215 1548 1248 in
1568 1215 1693 1249 talibus

233 1276 348 1310 arduis
363 1276 438 1311 fieri
453 1283 618 1311 consueta
632 1276 813 1323 prehabita
828 1285 837 1312 l
854 1282 889 1310 et
903 1276 946 1310 de
965 1288 1083 1311 eorum
1103 1288 1270 1323 expresso
1285 1288 1456 1310 consensu
1471 1281 1506 1310 et
1524 1288 1668 1311 assensu
1684 1284 1692 1311 l

232 1337 355 1384 prefati
372 1336 523 1384 Collegii
540 1337 653 1372 Maric
669 1344 704 1372 et
722 1337 826 1372 Anne
843 1336 1028 1372 Beatarum
1043 1336 1193 1371 ciuitatis
1211 1335 1442 1382 Glasguensis
1455 1336 1691 1371 fundationem

232 1398 442 1432 dotationcm
464 1398 715 1432 ordinationem
735 1403 771 1432 et
789 1397 1051 1444 dispositionem
1071 1397 1127 1432 Ac
1141 1397 1268 1432 vicarie
1287 1402 1455 1443 perpetue
1474 1397 1630 1443 predicte
1650 1397 1692 1431 de

232 1458 345 1505 Dalry
365 1458 477 1493 eidem
494 1458 618 1493 factam
637 1458 798 1493 vnionem
819 1471 919 1504 quam
947 1471 1022 1493 cum
1040 1458 1210 1492 fructibus
1237 1456 1430 1492 redditibus
1454 1464 1490 1492 et
1515 1457 1691 1504 prouenti-

233 1519 296 1553 bus
315 1518 487 1554 vniuersis
506 1518 741 1553 dimembratis
756 1524 791 1553 et
805 1518 963 1553 deductis
982 1518 1091 1553 solum
1107 1524 1142 1553 et
1160 1518 1328 1553 duntaxat
1346 1530 1390 1552 ex
1409 1517 1540 1552 eisdem
1559 1524 1692 1552 extrac-

233 1579 276 1613 tis
301 1579 421 1613 decem
448 1579 544 1613 libris
569 1579 660 1613 dicte
688 1585 826 1614 monete
854 1579 969 1614 Scotie
999 1578 1054 1614 Ac
1072 1579 1203 1614 duabus
1225 1579 1313 1613 acris
1336 1584 1430 1613 terre
1457 1579 1692 1614 ecclesiastice

232 1639 386 1674 eiusdem
414 1639 542 1674 vicario
572 1639 793 1686 pensionario
820 1639 970 1674 creando
997 1646 1033 1674 et
1058 1640 1093 1673 in
1121 1640 1212 1674 dicta
1240 1639 1387 1674 ecclesia
1416 1640 1621 1687 parrochiali
1649 1641 1692 1674 de

233 1699 347 1746 Dalry
365 1699 543 1746 perpetuis
562 1699 686 1734 futuris
704 1700 917 1747 temporibus
944 1700 978 1734 in
1002 1712 1084 1735 cura
1102 1700 1257 1735 eiusdem
1283 1699 1502 1735 deseruituro
1528 1713 1590 1748 per
1610 1701 1690 1736 Pre-

233 1760 382 1806 positum
409 1772 501 1794 nunc
528 1765 563 1794 et
589 1772 652 1806 pro
674 1766 831 1807 tempore
851 1760 1058 1795 existentem
1086 1761 1177 1795 dicte
1197 1760 1393 1807 Collegiate
1412 1760 1571 1796 Ecclesie
1591 1761 1692 1796 Beat-

234 1833 329 1854 arum
349 1820 461 1855 Marie
482 1820 641 1866 Virginis
660 1826 695 1855 et
715 1820 820 1855 Anne
848 1820 973 1855 Matris
998 1821 1072 1856 eius
1090 1821 1238 1856 ciuitatis
1260 1821 1491 1868 Glasguensis
1518 1822 1692 1856 annuatim

234 1880 474 1927 persoluendis
493 1886 528 1915 et
546 1880 796 1915 satisfaciendis
813 1890 822 1917 Ι
837 1887 960 1916 tenore
978 1882 1190 1929 presentium
1207 1890 1216 1919 Ι
1234 1882 1457 1929 Prepositure
1475 1882 1557 1917 dicti
1578 1881 1692 1917 Colle-

234 1942 282 1988 gii
304 1951 312 1978 l
332 1942 594 1977 rationabilibus
620 1941 844 1977 suadentibus
863 1942 974 1977 causis
991 1951 1000 1979 l
1017 1955 1093 1977 cum
1113 1955 1280 1990 expresso
1299 1955 1470 1977 consensu
1489 1948 1524 1977 et
1550 1955 1693 1977 assensu

236 2003 449 2037 dominorum
476 2002 608 2037 abbatis
627 2008 663 2038 et
680 2010 873 2038 conuentus
891 2016 931 2038 ac
951 2003 1158 2038 Christofori
1176 2003 1294 2039 vicarii
1320 2004 1553 2051 predictorum
1580 2016 1693 2039 coram

236 2063 335 2097 nobis
353 2069 391 2098 vt
408 2063 618 2109 premittitur
645 2063 851 2099 litteratorie
871 2077 988 2098 eorum
1007 2065 1070 2099 sub
1089 2064 1211 2111 sigillis
1230 2070 1265 2099 et
1282 2065 1496 2100 manualibus
1522 2064 1693 2111 subscrip—

236 2123 387 2157 tionibus
412 2123 510 2158 factis
539 2130 574 2158 et
601 2124 756 2171 prestitis
782 2133 790 2160 l
813 2124 986 2160 ordinaria
1012 2125 1215 2160 auctoritate
1244 2137 1283 2160 ac
1311 2125 1467 2160 omnibus
1494 2124 1693 2159 melioribus

238 2184 338 2218 modo
356 2184 412 2218 via
428 2184 536 2218 forma
550 2184 628 2230 jure
648 2191 683 2220 et
701 2197 803 2220 causa
817 2185 940 2232 quibus
960 2185 1081 2220 melius
1100 2192 1135 2220 et
1154 2186 1322 2220 efficacius
1340 2198 1521 2232 possumus
1536 2190 1572 2220 et
1589 2185 1692 2220 debe-

238 2257 312 2279 mus
329 2253 337 2280 1
353 2244 488 2278 vnimus
506 2245 720 2279 annectimus
735 2239 769 2280 et
783 2245 1042 2292 incorporamus
1058 2255 1066 2282 l
1082 2258 1277 2293 nomenque
1293 2245 1410 2280 vicarii
1425 2245 1468 2280 de
1483 2251 1600 2280 cetero
1615 2257 1693 2291 sup-

240 2305 415 2352 primimus
435 2311 470 2339 et
488 2304 522 2338 in
544 2304 767 2351 Prepositure
786 2306 991 2352 dignitatem
1015 2306 1180 2353 erigimus
1201 2306 1256 2341 Ac
1273 2306 1380 2352 ipsam
1407 2318 1498 2340 nunc
1525 2304 1638 2339 Marie
1657 2311 1692 2339 et
