1922 2764
217 295 263 326 50
544 286 700 322 LIBER
725 285 974 321 ECCLESIE
1002 282 1342 320 COLLEGIATE

215 387 335 422 mabus
365 385 482 420 matris
512 397 588 419 mee
611 392 620 420 Ι
639 383 805 418 videlicet
828 391 836 419 1
857 383 986 418 Jonete
1019 381 1148 427 Lundy
1178 393 1218 414 ac
1244 378 1494 413 venerabilium
1519 378 1670 413 virorum

216 448 388 495 quondam
413 445 655 492 magistrorum
676 443 824 490 Georgii
851 443 1102 489 Montgomery
1120 447 1155 475 et
1184 440 1263 474 Ade
1284 439 1512 486 Colquhoune
1537 438 1674 473 canoni-

217 521 335 544 corum
365 505 633 553 Glasguensium
662 517 706 539 ex
732 503 890 538 orientali
921 502 1076 549 partibus
1102 509 1110 537 Ι
1135 501 1225 535 Item
1255 499 1394 546 assigno
1421 499 1514 533 dicto
1543 499 1675 533 decano

219 567 367 615 capituli
381 565 612 613 Glasguensis
638 571 784 612 quatuor
811 563 938 597 solidos
965 568 1001 596 et
1027 561 1193 596 canonico
1219 573 1282 607 per
1309 572 1386 594 eum
1408 559 1571 606 eligendo
1590 559 1676 594 duos

220 629 347 663 solidos
378 634 413 662 et
440 633 517 661 octo
543 625 704 660 denarios
732 632 740 660 Ι
766 624 848 658 item
879 622 1006 657 rectori
1035 621 1139 656 Alme
1167 619 1416 655 Vniuersitatis
1446 620 1677 666 Glasguensis

220 694 366 735 quatuor
383 687 511 722 solidos
529 693 564 722 et
583 686 714 720 decano
731 683 903 718 facultatis
922 682 1077 717 eiusdem
1096 681 1182 715 duos
1201 680 1329 715 solidos
1343 686 1379 715 et
1396 686 1473 714 octo
1492 680 1653 715 denarios
1669 689 1677 715 t

220 748 387 784 leuandos
414 754 449 782 et
474 746 717 794 percipiendos
744 743 918 778 annuatim
950 742 993 777 de
1020 754 1088 776 vna
1114 754 1193 776 acra
1219 747 1312 775 terre
1340 740 1479 787 jacente
1509 740 1544 774 in
1571 740 1680 774 crofta

225 809 350 844 Sancte
372 808 476 842 Anne
494 807 585 841 inter
603 812 714 840 terras
740 802 962 851 prebendarii
980 802 1091 849 quinti
1118 814 1163 836 ex
1188 801 1393 836 occidentali
1413 807 1448 835 et
1465 806 1576 835 terras
1602 812 1679 847 pre—

222 868 380 904 bendarii
399 867 534 914 septimi
552 879 597 901 ex
615 864 775 900 orientali
793 864 948 910 partibus

227 1100 428 1148 SEQnrrun
448 1108 589 1143 Erectio
607 1106 843 1153 Exequiarum
857 1104 1040 1152 prescripti
1058 1104 1213 1151 magistri
1227 1103 1350 1140 Jacobi
1366 1103 1574 1138 Houstoune
1589 1116 1684 1150 pres—

225 1169 340 1216 byteri
357 1178 366 1205 Ι
382 1169 489 1216 patris
511 1174 547 1204 et
572 1167 690 1202 matris
717 1166 872 1201 eiusdem
889 1174 897 1201 Ι
913 1165 1087 1200 annuatim
1106 1165 1296 1199 fiendarum
1316 1164 1349 1198 in
1368 1163 1502 1210 prefata
1528 1164 1685 1198 Ecclesia

229 1229 425 1275 Collegiata
443 1228 537 1263 Diue
553 1227 713 1274 Virginis
734 1226 846 1261 Marie
862 1232 897 1261 et
917 1225 1022 1260 Anne
1042 1225 1168 1260 Matris
1182 1225 1256 1260 eius
1274 1237 1337 1271 per
1355 1224 1465 1271 ipsum
1484 1224 1684 1270 magistrum

227 1291 249 1326 J
253 1291 394 1326 acobum
412 1289 554 1324 fundata
571 1288 689 1323 dotata
707 1294 743 1322 et
761 1293 879 1322 erecta

229 1377 478 1443 INPRIMIS
496 1407 531 1441 in
550 1407 606 1442 die
627 1408 753 1442 Sancte
768 1405 874 1441 Anne
889 1405 1063 1440 annuatim
1078 1404 1289 1439 conuenient
1306 1409 1384 1450 post
1401 1403 1579 1439 meridiem
1598 1403 1688 1438 inter

230 1468 332 1503 horas
358 1467 500 1503 terciam
526 1472 561 1502 et
588 1473 743 1513 quartam
770 1466 930 1501 vndecim
960 1465 1182 1512 prebendarii
1209 1477 1286 1499 cum
1312 1464 1422 1499 tribus
1452 1464 1569 1510 pueris
1596 1465 1688 1499 dicte

232 1527 391 1563 Ecclesie
409 1527 603 1574 Collegiate
618 1526 826 1562 celebraturi
843 1535 851 1562 l
869 1526 1018 1560 Placebo
1035 1534 1044 1562 l
1060 1531 1096 1560 et
1110 1534 1119 1562 Ι
1136 1525 1263 1571 Dirige
1280 1533 1288 1561 l
1304 1525 1338 1558 in
1354 1530 1455 1559 cantu
1470 1537 1546 1558 cum
1564 1537 1689 1559 nouem

233 1588 439 1623 lectionibus
492 1587 628 1628 Quibus
646 1587 752 1621 finitis
770 1586 950 1621 tradantur
969 1586 1099 1620 eisdem
1117 1591 1189 1620 tres
1208 1585 1308 1619 solidi
1326 1585 1361 1619 in
1380 1598 1468 1632 pane
1488 1591 1523 1620 et
1542 1591 1626 1632 potu
1645 1585 1692 1619 Et

234 1649 301 1683 illis
327 1648 476 1695 peractis
495 1648 626 1683 dicatur
650 1647 800 1694 psalmus
817 1656 825 1683 l
842 1647 900 1681 De
920 1646 1106 1680 Profundis
1122 1655 1131 1682 l
1148 1658 1222 1680 cum
1247 1645 1409 1692 precibus
1428 1651 1463 1679 et
1481 1645 1692 1679 orationibus

236 1709 409 1744 consuetis
426 1717 434 1744 Ι
450 1708 498 1742 Et
511 1709 546 1742 in
558 1708 708 1743 crastino
720 1707 865 1754 quilibet
875 1719 993 1741 eorum
1007 1706 1196 1741 celebrabit
1212 1706 1356 1740 Missam
1372 1714 1380 1741 l
1397 1705 1439 1740 de
1454 1705 1589 1752 Requie
1606 1713 1615 1741 Ι
1631 1718 1694 1751 pro

238 1770 412 1805 animabus
429 1768 698 1815 prescriptorum
714 1774 749 1802 et
763 1767 914 1802 omnium
928 1767 1082 1802 fidelium
1096 1767 1338 1801 defunctorum
1356 1765 1404 1800 Et
1419 1765 1614 1812 specialiter
1632 1777 1694 1811 pro

241 1830 361 1875 quibus
388 1829 478 1864 idem
505 1829 670 1876 magister
687 1829 839 1865 Jacobus
858 1834 954 1862 extat
980 1828 1166 1863 astrictus!
1183 1827 1230 1862 Et
1254 1826 1374 1861 Missis
1396 1826 1579 1860 celebratis
1605 1826 1696 1860 inter

243 1889 382 1924 eosdem
410 1889 750 1937 proportionabiliter
781 1889 1030 1923 distribuantur
1060 1888 1220 1923 vndecim
1251 1887 1351 1921 solidi
1379 1893 1414 1921 et
1440 1886 1550 1921 tribus
1580 1886 1696 1932 pueris

243 1949 423 1983 duodecim
441 1950 571 1985 denarii
595 1959 603 1986 Ι
624 1950 788 1984 videlicet
809 1958 817 1985 Ι
839 1948 1024 1995 vnicuique
1044 1961 1162 1983 eorum
1181 1953 1327 1994 quatuor
1349 1946 1482 1980 denarii
1507 1967 1513 1972 ·
1537 1945 1697 1980 Secundo

245 2014 501 2055 congregentur
518 2010 662 2057 triginta
678 2016 795 2057 patres
814 2016 850 2044 et
866 2008 1138 2043 matresfamilias
1163 2020 1265 2042 senes
1284 2007 1420 2042 honesti
1439 2012 1474 2041 et
1491 2006 1699 2052 indegcntes

248 2069 291 2104 ad
309 2068 417 2103 dictas
436 2070 597 2114 exequias
616 2077 652 2105 et
673 2071 717 2105 ad
743 2070 871 2104 Missas
898 2069 988 2104 circa
1009 2069 1175 2104 decimam
1202 2068 1321 2102 horam
1340 2068 1373 2101 in
1394 2067 1543 2102 crastino
1562 2066 1609 2100 Et
1626 2066 1699 2099 vni—

248 2129 371 2175 cuique
387 2128 558 2162 donentur
571 2129 675 2165 finitis
691 2130 809 2165 Missis
826 2139 835 2166 Ι
851 2136 922 2164 tres
935 2129 1067 2164 denarii
1081 2129 1115 2163 in
1130 2141 1219 2176 pane
1232 2128 1442 2162 frumentino
1459 2136 1467 2163 Ι
1484 2133 1555 2160 tres
1568 2126 1700 2160 denarii

250 2190 283 2223 in
311 2188 470 2223 carnibus
497 2189 553 2223 vel
578 2189 727 2235 piscibus
754 2190 943 2225 secundum
969 2190 1134 2236 temporis
1161 2188 1371 2235 exigentiam
1389 2197 1396 2223 l
1413 2193 1449 2222 et
1475 2188 1542 2221 duo
1569 2186 1701 2220 denarii

250 2262 312 2296 pro
334 2255 417 2296 potu
439 2257 447 2284 l
468 2248 515 2282 Et
539 2256 710 2295 ponantur
735 2263 837 2297 super
861 2250 978 2285 tabula
1001 2250 1117 2296 lignea
1143 2250 1177 2283 in
1203 2249 1316 2283 medio
1343 2247 1438 2282 chori
1464 2247 1522 2281 vbi
1547 2246 1639 2280 cerei
1666 2252 1702 2280 et

252 2309 430 2356 ymagines
448 2321 510 2355 pro
528 2315 683 2355 tempore
703 2310 758 2344 siti
777 2317 856 2345 sunt
873 2331 879 2336 -
897 2310 1020 2345 Tertio
1038 2309 1200 2345 intersint
1215 2315 1291 2344 octo
1307 2308 1456 2343 scolares
1474 2313 1512 2341 vt
1529 2305 1701 2353 prenotati
