1922 2764
100 683 157 714 41.

155 747 159 749 '
211 738 453 774 incarnacione
490 738 634 785 Dominj
673 738 854 773 millesimo
891 738 1234 786 quadringentesimo
1279 737 1534 785 septuagesimo
1569 737 1678 772 tercio

601 258 819 296 ORDINIS
848 257 1284 292 PREDICATORUM.
1610 262 1677 299 187

211 431 484 466 Instrumentum
506 443 569 465 sex
588 430 778 465 solidorum
797 436 833 464 et
852 428 908 476 viij
942 428 1162 463 denariorum
1194 428 1296 474 annuj
1331 427 1487 462 redditus
1506 429 1549 462 de
1580 436 1676 464 tene—

211 498 327 526 mento
346 491 379 525 in
395 491 427 526 le
446 491 532 526 Blak
548 492 648 526 Freir
664 491 782 538 Wynd
798 503 860 538 per
877 489 1088 524 Willelmum
1103 488 1259 525 Jaksoun
1275 494 1311 523 et
1326 488 1505 535 Megotam
1519 489 1675 525 Jaksoun

213 565 286 587 elus
306 565 465 600 sponsam

212 646 269 712 ΙΝ
289 677 366 712 Dm
395 689 541 711 NOMINE
572 677 687 711 ΑΜΕΝ
734 677 802 712 Per
827 677 893 712 hoc
919 677 1185 712 instrumentum
1216 682 1334 724 pateat
1381 676 1486 717 Quod
1514 688 1603 710 anno
1636 676 1677 709 ab

210 800 338 835 mensis
357 813 441 835 vero
458 799 554 846 Junij
575 799 630 834 die
650 812 741 834 nona
763 820 769 826 -
793 800 833 834 In
854 800 919 834 mei
940 799 1064 846 notarij
1084 799 1213 846 publici
1241 805 1276 834 et
1303 799 1441 834 testium
1470 798 1678 845 subscripto-

210 874 285 896 rum
312 862 494 908 presencia
519 861 750 908 personaliter
777 861 987 896 constitutus
1015 860 1212 895 Willelmus
1238 860 1389 896 Jacsone
1418 859 1602 906 burgensis
1634 859 1676 893 de

214 923 358 970 Glasgw
376 935 520 958 vnacum
541 935 711 958 consensu
732 923 934 970 Margarete
955 935 1015 957 sue
1036 934 1162 969 sponse
1189 934 1323 956 sursum
1342 921 1495 956 reddidit
1520 934 1676 968 pureque

211 990 247 1018 et
265 983 466 1031 simpliciter
484 983 676 1030 resignauit
694 996 757 1030 per
775 984 898 1018 ‘fustem
920 989 955 1018 et
972 983 1131 1018 baculum
1150 995 1217 1030 quo
1236 983 1278 1017 ad
1308 982 1446 1017 feodum
1467 982 1501 1016 in
1521 982 1677 1017 manibus

211 1045 345 1091 prouidi
365 1045 429 1079 viri
448 1045 617 1080 Johannis
638 1045 749 1092 Spens
776 1045 962 1091 burgensis
996 1044 1038 1078 de
1062 1044 1205 1090 Glasgw
1223 1052 1231 1080 l
1248 1043 1365 1090 balliuj
1386 1043 1428 1077 ad
1461 1043 1680 1090 infrascripta

209 1119 272 1153 per
293 1106 526 1141 honorabilem
547 1106 657 1140 virum
687 1106 871 1141 Patricium
905 1105 1056 1140 Priorem
1085 1105 1245 1139 Fratrum
1274 1105 1317 1139 de
1340 1104 1483 1151 Glasgw
1503 1117 1579 1139 cum
1599 1117 1678 1139 con-

211 1180 315 1202 sensu
333 1167 549 1202 diuersorum
578 1167 735 1202 Fratrum
756 1167 910 1202 eiusdem
939 1167 1004 1201 loci
1036 1166 1162 1201 ibidem
1195 1166 1416 1213 presencium
1448 1166 1679 1213 personaliter

211 1230 366 1277 deputati
386 1235 423 1264 et
439 1229 615 1264 constituti
635 1238 643 1265 Ι
660 1229 830 1276 quoddam
852 1242 949 1263 suum
969 1234 1207 1263 tenementum
1226 1241 1300 1262 cum
1316 1228 1544 1275 pertinencijs
1559 1241 1602 1263 ex
1618 1241 1679 1262 suo

211 1297 403 1338 conquestu
422 1291 599 1326 obtentum
616 1291 737 1338 jacens
755 1290 789 1324 in
810 1290 901 1325 Vico
920 1290 1080 1325 Fratrum
1097 1302 1140 1324 ex
1160 1296 1258 1336 parte
1277 1289 1399 1324 boriali
1415 1289 1568 1324 eiusdem
1589 1289 1680 1324 inter

210 1358 410 1387 tenementa
426 1352 547 1389 Jacobi
570 1351 772 1387 Henrisone
800 1364 843 1386 ex
870 1357 969 1399 parte
1001 1350 1206 1386 occidentali
1238 1357 1273 1385 et
1300 1349 1412 1384 Finlai
1443 1351 1485 1385 de
1516 1350 1680 1385 Menteth

211 1427 253 1448 ex
285 1420 385 1461 parte
413 1413 572 1449 orientali
599 1422 607 1450 l
630 1413 844 1448 reseruando
877 1412 940 1447 sibi
973 1412 1150 1447 Willelmo
1183 1418 1218 1446 et
1245 1424 1305 1446 sue
1338 1424 1462 1458 sponse
1493 1424 1531 1446 ac
1560 1424 1678 1446 eorum

210 1475 338 1510 diutius
356 1475 488 1511 viuenti
507 1475 652 1510 liberum
673 1481 910 1510 tenementum
931 1474 1086 1509 eiusdem
1114 1486 1176 1521 pro
1195 1479 1268 1508 toto
1287 1479 1443 1520 tempore
1463 1473 1532 1508 vite
1560 1486 1679 1508 eorum

212 1536 324 1577 Quam
345 1537 483 1583 quidem
509 1536 786 1582 resignacionem
806 1536 918 1570 dictus
945 1535 1093 1570 balliuus
1120 1535 1259 1569 nomine
1287 1534 1457 1569 dictorum
1487 1534 1616 1569 Prioris
1644 1541 1679 1569 et

209 1598 368 1633 Fratrum
388 1598 515 1632 ibidem
546 1597 765 1644 presencium
799 1603 835 1632 et
853 1596 1141 1631 consensencium
1161 1595 1356 1643 acceptauit
1400 1595 1510 1631 Cuius
1542 1596 1679 1643 quidem

209 1659 401 1694 tenementi
416 1671 492 1694 cum
506 1658 733 1706 pertinencijs
749 1664 873 1693 statum
889 1657 1136 1692 hereditarium
1152 1657 1305 1703 prefatus
1320 1656 1515 1691 Willelmus
1526 1656 1678 1692 Jacsoun

211 1733 287 1754 cum
303 1732 470 1767 expresso
485 1732 656 1754 consensu
675 1719 767 1754 dicte
787 1732 848 1754 sue
868 1731 994 1766 sponse
1012 1727 1020 1755 Ι
1036 1731 1099 1765 per
1114 1717 1308 1765 predictum
1323 1717 1487 1752 balliuum
1504 1730 1579 1752 cum
1599 1717 1678 1751 rati-

212 1781 375 1816 ficacione
391 1780 561 1815 dictorum
578 1780 708 1814 Prioris
722 1787 758 1815 et
772 1780 931 1814 Fratrum
949 1788 957 1815 l
974 1779 1122 1826 Megote
1137 1779 1288 1814 Jacsoun
1305 1779 1373 1813 filie
1389 1778 1495 1826 ipsius
1513 1778 1679 1812 Willelmi

211 1841 399 1876 heredibus
426 1841 496 1875 suis
522 1840 566 1875 de
585 1841 755 1887 legittimo
774 1841 875 1875 thoro
895 1839 1121 1888 procreandis
1138 1848 1146 1875 l
1163 1839 1286 1886 quibus
1317 1839 1406 1874 forte
1438 1838 1680 1873 deficientibus

211 1901 423 1937 reuertendo
451 1902 542 1936 idem
569 1907 806 1936 tenementum
835 1901 877 1936 ad
905 1901 1055 1935 heredes
1085 1900 1239 1935 eiusdem
1260 1899 1530 1947 Willelmilper
1551 1905 1677 1934 terram

213 1975 356 1998 massam
377 1968 412 1997 et
429 1962 562 2009 lapides
577 1968 615 1996 ut
632 1962 737 1996 moris
752 1968 805 1996 est
823 1961 965 1996 tradidit
982 1970 990 1997 Ι
1006 1961 1196 1996 reseruatis
1214 1967 1328 1995 tamen
1345 1961 1436 1995 dicto
1453 1960 1630 1995 Willelmo
1645 1968 1680 1995 et

214 2037 273 2058 sue
302 2036 427 2071 sponse
455 2035 494 2057 ac
525 2035 643 2057 eorum
671 2022 804 2057 diucius
823 2022 957 2056 viuenti
987 2022 1098 2056 libero
1128 2027 1330 2056 tenemento
1362 2028 1398 2056 et
1416 2034 1479 2055 vsu
1505 2021 1678 2056 fructuum

213 2084 367 2120 eiusdem
414 2084 589 2119 Soluendo
608 2083 689 2118 inde
709 2083 809 2118 dictis
830 2083 942 2117 Priori
961 2083 1119 2117 Fratrum
1140 2082 1183 2116 de
1202 2081 1346 2128 Glasgw
1364 2082 1421 2129 qui
1440 2095 1503 2129 pro
1522 2088 1678 2130 tempore

212 2146 317 2181 fuerit
337 2152 371 2180 et
389 2145 543 2180 eiusdem
562 2145 629 2179 loci
649 2144 835 2191 conuentuj
857 2157 919 2179 sex
938 2143 1066 2178 solidos
1085 2149 1120 2178 et
1150 2148 1227 2178 octo
1246 2143 1406 2178 denarios
1433 2143 1537 2178 annui
1564 2144 1679 2178 reddi-

213 2214 267 2242 tus
303 2206 492 2241 secundum
522 2206 665 2240 formam
693 2205 953 2240 euidenciarum
985 2204 1067 2239 alias
1098 2204 1249 2251 desuper
1280 2204 1513 2239 confectarum
1536 2226 1542 2231 ·
1568 2206 1679 2253 Super

213 2269 336 2316 quibus
354 2267 489 2316 prefata
507 2267 654 2314 Megota
672 2267 742 2302 filia
759 2267 842 2302 dicti
862 2266 1028 2301 Willelmi
1056 2279 1075 2301 a
1101 2278 1154 2301 me
1186 2266 1320 2300 notario
1350 2265 1489 2313 publico
1508 2266 1570 2313 sibj
1603 2267 1679 2301 fieri

212 2330 313 2377 petijt
346 2329 521 2377 publicum
557 2329 823 2364 instrumentum
851 2349 856 2354 ·
882 2327 949 2363 Cui
988 2327 1126 2374 quidem
1167 2327 1398 2361 instrumento
1433 2327 1474 2361 ad
1514 2328 1675 2363 maiorem
