1922 2764
223 228 344 262 lxxviii
763 228 870 264 THE
898 228 1144 265 PREFACE.
1460 230 1679 277 [APPEme

867 533 951 568 ΝΟ.
980 533 1048 567 ΙΙΙ.

646 690 863 718 FUNDATIO
886 689 1135 718 MINISTERII
1158 688 1212 716 ΕΤ
1236 688 1599 718 HOSPITALITATIS
1623 689 1676 716 DE

649 752 827 780 GLASGW
849 762 856 768 ·

222 910 347 964 ΜΑΗΙΔ
365 937 417 965 Dei
437 937 531 974 gratia
547 937 658 974 Regina
674 938 825 967 Scotorum
841 939 991 967 Vniuersis
1012 939 1106 976 probis
1127 939 1289 967 hominibus
1303 938 1396 967 tocius
1410 943 1483 967 terre
1505 948 1554 967 sue
1568 939 1683 967 clericis

220 1004 250 1027 et
263 999 343 1027 laicis
358 999 479 1028 salutem
503 1000 622 1029 Sensus
637 1000 705 1037 quia
719 1010 769 1029 nos
784 1001 940 1038 impensius
954 1010 1058 1029 munus
1072 1005 1201 1030 nostrum
1217 1010 1285 1038 erga
1299 1000 1432 1029 diuinum
1453 1001 1608 1029 seruiciurn
1621 1011 1685 1039 per-

223 1061 378 1098 pendentes
456 1085 461 1090 .
542 1084 548 1089 .
628 1085 634 1091 .
714 1083 720 1089 .
799 1083 805 1089 .
883 1073 969 1100 quem
983 1064 1019 1091 ob
1117 1086 1123 1091 .
1209 1083 1216 1090 .
1302 1083 1308 1089 .
1387 1063 1491 1092 endam
1505 1064 1641 1102 poletiam
1656 1069 1686 1092 et

221 1123 379 1160 equabilem
394 1124 522 1152 ordinem
536 1124 612 1153 inter
625 1125 752 1154 subditos
766 1130 876 1154 nostros
896 1125 1031 1163 precipue
1045 1134 1111 1154 vero
1126 1125 1201 1153 infra
1215 1125 1364 1154 ciuitatem
1378 1130 1505 1154 nostram
1519 1126 1554 1154 de
1570 1126 1683 1163 Glasgw

899 1188 1116 1216 Considerantes
1132 1187 1228 1225 itaque
1250 1197 1300 1215 nos
1314 1197 1350 1216 ex
1363 1188 1457 1216 officio
1471 1188 1564 1216 teneri
1579 1198 1685 1216 munus
1727 1230 1731 1231 ⁷

223 1258 290 1285 erga
306 1249 398 1277 Deum
419 1249 570 1287 complecti
590 1250 692 1279 debere
715 1250 796 1279 cuius
817 1251 999 1288 prouidentia
1019 1250 1153 1288 regimini
1168 1250 1253 1278 huius
1274 1250 1355 1287 regni
1369 1251 1554 1289 preponimur
1578 1251 1685 1288 Sicque

223 1311 304 1339 nobis
318 1321 353 1339 ex
367 1312 459 1340 officio
472 1312 637 1341 incumbere
658 1313 735 1341 omni
756 1314 874 1342 honesto
894 1313 978 1342 modo
999 1323 1049 1351 pro
1063 1313 1202 1341 ministris
1216 1313 1295 1341 verbi
1313 1312 1368 1341 Dei
1389 1313 1539 1350 prouidere
1556 1313 1596 1341 Et
1610 1313 1686 1351 quod

222 1373 374 1411 hospitalia
394 1374 565 1412 pauperibus
580 1375 720 1403 mutilatis
735 1380 764 1404 et
778 1375 890 1404 miseris
910 1375 1038 1413 personis
1049 1375 1182 1413 orphanis
1203 1380 1233 1403 et
1252 1375 1418 1412 parentibus
1442 1374 1582 1403 distitutis
1596 1375 1687 1403 infan-

224 1435 300 1463 tibus
321 1436 396 1464 infra
416 1436 524 1465 dictam
546 1442 673 1465 nostram
694 1438 845 1466 ciuitatem
867 1442 1068 1476 preseruentur
1090 1438 1160 1466 Post
1173 1442 1301 1465 nostram
1320 1438 1478 1475 perfectam
1498 1442 1605 1466 etatem
1620 1448 1687 1466 cum

225 1497 402 1526 auisamento
423 1498 604 1527 dominorum
625 1500 726 1527 secreti
747 1499 858 1528 consilii
882 1499 972 1528 nostri
1002 1499 1134 1528 dedimus
1157 1499 1347 1528 concessimus
1370 1499 1561 1536 disposuimus
1582 1509 1616 1528 ac
1638 1510 1688 1538 pro

224 1560 304 1588 nobis
316 1565 345 1588 et
356 1561 565 1590 suecessoribus
579 1562 684 1590 nostris
698 1572 749 1600 pro
757 1567 894 1600 perpetuo
908 1563 1143 1591 confirmauimus
1158 1564 1277 1591 Necnon
1292 1567 1389 1591 tenore
1400 1563 1577 1601 presentium
1586 1564 1688 1592 damus

224 1623 406 1651 concedimus
421 1623 597 1661 disponimus
612 1634 645 1652 ac
660 1634 712 1662 pro
726 1625 807 1653 nobis
822 1629 850 1653 et
871 1625 1080 1653 successoribus
1100 1625 1204 1654 nostris
1225 1629 1362 1663 perpetuo
1376 1626 1578 1654 confirmamus
1593 1626 1686 1663 predi-

225 1685 306 1713 lectis
320 1686 424 1713 nostris
438 1686 581 1724 preposito
595 1686 710 1715 balliuis
725 1687 888 1716 consulibus
902 1692 932 1715 et
952 1688 1152 1716 communitati
1174 1687 1250 1716 dicte
1271 1692 1366 1716 nostre
1381 1687 1508 1716 ciuitatis
1523 1688 1558 1716 de
1574 1688 1688 1726 Glasgw

225 1752 254 1776 et
267 1747 394 1785 ipsorum
414 1749 623 1777 successoribus
642 1749 854 1787 imperpetuum
877 1751 982 1778 Omnes
997 1755 1027 1778 et
1040 1750 1166 1787 singulas
1181 1755 1272 1779 terras
1288 1755 1452 1779 tenementa
1465 1750 1562 1779 domos
1576 1751 1689 1779 edificia

226 1810 360 1838 ecclesias
374 1811 497 1848 capellas
518 1812 614 1840 hortos
635 1812 763 1849 pomeria
783 1813 887 1841 croftas
907 1822 1016 1841 annuos
1037 1813 1166 1841 redditus
1181 1813 1291 1841 fructus
1305 1813 1436 1841 deuorias
1451 1814 1575 1851 proficua
1589 1814 1688 1842 emoli-

223 1877 322 1901 menta
341 1873 435 1901 firmas
456 1874 626 1902 elemozinas
648 1875 681 1903 lie
703 1875 772 1903 daill
797 1875 881 1904 siluer
904 1876 999 1904 obitus
1021 1880 1050 1903 et
1076 1876 1274 1904 anniuersaria
1296 1886 1464 1913 quecunque
1490 1886 1544 1913 que
1574 1876 1688 1913 quouis-

226 1935 309 1963 modo
323 1935 523 1972 pertinuerunt
537 1941 588 1964 aut
607 1937 751 1974 pertinere
773 1937 961 1966 dinoscuntur
975 1938 1011 1966 ad
1026 1947 1209 1976 quascunque
1228 1938 1401 1976 capellanias
1417 1939 1556 1975 alteragia
1571 1939 1689 1976 preben-

227 1997 321 2026 darias
348 1998 377 2025 in
402 2008 571 2036 quacunque
599 1999 721 2028 ecclesia
743 2000 851 2038 capella
874 2005 925 2029 aut
947 2001 1066 2038 collegio
1093 2002 1169 2030 infra
1190 2001 1299 2030 dictam
1321 2006 1449 2031 nostram
1477 2002 1626 2030 ciuitatem
1654 2002 1689 2030 de

228 2060 342 2096 Glasgw
356 2061 476 2089 fundata
497 2071 546 2090 seu
561 2063 695 2091 fundatas
709 2072 760 2100 per
775 2073 974 2101 quemcunque
993 2068 1146 2102 patronum
1163 2065 1192 2092 in
1214 2073 1335 2102 quarum
1354 2063 1528 2102 possessione
1549 2063 1689 2101 capellani

226 2126 255 2150 et
275 2123 455 2159 prebendarii
482 2125 638 2153 earundem
661 2126 790 2163 perprius
814 2127 929 2156 fuerant
950 2127 1112 2165 vbicunque
1136 2127 1244 2165 prefate
1269 2127 1369 2155 domus
1391 2130 1556 2155 tenementa
1576 2126 1690 2154 edificia

226 2185 353 2221 pomeria
376 2186 451 2214 horti
475 2187 564 2214 annui
586 2188 714 2216 redditus
739 2188 936 2218 anniuersaria
957 2190 1068 2218 fructus
1088 2193 1242 2227 prouentus
1264 2194 1294 2218 et
1315 2189 1498 2218 emolimenta
1517 2188 1616 2226 jacent
1639 2194 1689 2217 aut

226 2246 305 2283 prius
334 2248 429 2275 lenate
455 2248 569 2277 fuerant
593 2250 752 2287 respectiue
781 2251 855 2280 Cum
878 2251 1016 2280 maneriis
1039 2251 1109 2280 locis
1136 2251 1269 2289 pomeriis
1292 2250 1376 2279 terris
1403 2250 1506 2279 annuis
1518 2250 1689 2288 ‘redditibus
