1922 2764
615 243 831 280 ORDINIS
860 244 1294 281 PREDICATORUM.
1619 253 1683 288 175

221 361 286 388 tam
307 361 433 389 terram
456 354 549 389 Petri
568 354 611 388 de
632 353 755 388 Pollok
774 367 816 389 ex
836 361 934 402 parte
950 356 1090 390 australi
1110 362 1146 391 et
1161 363 1286 390 terram
1302 357 1423 392 Jacobi
1446 357 1682 392 Huchonsone

221 427 265 449 ex
284 422 381 462 parte
401 415 521 450 boriali
542 421 614 450 tres
633 415 761 450 solidos
784 437 789 443 ·
814 416 902 451 Item
921 417 964 451 de
984 417 1076 451 dicto
1106 424 1307 452 tenemento
1325 418 1447 454 Jacobi
1469 419 1682 453 Huchonson

220 484 291 511 tres
310 477 438 511 solidos
460 497 465 502 ·
490 477 576 511 Item
597 476 640 511 de
660 482 862 512 tenemento
883 477 1018 512 Thome
1038 477 1121 512 Law
1149 478 1288 524 jacente
1307 479 1341 512 in
1374 479 1466 514 dicto
1484 480 1561 514 vico
1594 488 1683 514 inter

220 544 347 572 terram
367 537 502 572 Thome
521 537 608 572 Wan
629 550 675 572 ex
693 544 790 584 parte
809 539 951 573 australi
967 546 1002 573 et
1020 546 1146 573 terram
1163 539 1333 586 quondam
1352 540 1496 574 Andree
1518 540 1681 575 Rabourn

219 612 264 633 ex
282 604 379 645 parte
400 599 520 633 boriali
539 599 720 633 duodecim
741 600 868 634 solidos
891 621 897 626 -
920 600 1007 635 Item
1030 601 1073 634 de
1105 607 1306 635 tenemento
1325 601 1496 647 quondam
1514 602 1683 637 Johannis

221 659 314 694 Rose
331 660 470 706 jacente
489 660 524 694 in
543 660 635 695 dieto
654 660 731 695 vico
750 661 841 696 inter
860 668 987 696 terram
1005 661 1175 697 Johannis
1198 663 1337 696 Steuart
1355 674 1400 696 ex
1428 669 1524 708 parte
1544 663 1683 697 australi

217 727 253 754 et
271 727 399 755 terram
418 721 590 768 quondam
608 721 778 757 Johannis
799 721 953 757 Coulson
974 735 1019 757 ex
1037 729 1136 769 parte
1156 722 1277 757 boriali
1296 723 1420 769 viginti
1440 730 1587 770 quatuor
1606 724 1685 758 soli-

217 781 282 816 dos
304 803 310 808 ·
335 782 423 816 Item
441 782 485 817 de
504 789 705 817 tenemento
723 782 869 830 Ja[co]bi
899 811 1092 818 ......
1131 784 1270 830 jacente
1291 796 1334 818 ex
1353 790 1450 830 parte
1479 785 1683 819 occidentali

219 842 287 877 Vie
308 843 422 889 Regie
447 844 698 887 [ex]tendentis
712 845 754 879 ab
773 845 948 889 [ecclesila
967 844 1190 880 Cathederali
1214 845 1439 892 G[lasguensi
1459 846 1513 889 ad]
1535 845 1683 881 Crucem

217 903 297 938 Fori
317 904 472 939 eiusdem
490 905 582 940 inter
601 912 727 940 terram
748 905 836 940 Luci
858 906 996 953 thng
1023 918 1066 940 ex
1094 913 1192 953 parte
1224 907 1364 941 australi
1392 913 1427 941 et
1445 913 1571 941 terram
1601 935 1607 941 .
1638 935 1645 941 .
1675 935 1682 941 .

256 993 262 999 .
292 978 306 999 s
335 964 372 998 H
403 993 408 999 .
438 979 477 1000 rn
508 968 578 1010 e[x]
608 973 706 1014 parte
738 967 859 1001 boriali
889 974 966 1002 octo
1001 966 1214 1014 [d]en[ari]os
1236 988 1241 993 ·
1266 968 1355 1002 Item
1389 968 1432 1002 de
1465 969 1557 1003 dicto
1588 976 1683 1003 tene-

215 1033 332 1061 mento
374 1027 544 1063 Johannis
581 1055 588 1062 .
621 1055 627 1062 .
659 1055 666 1062 .
697 1055 704 1062 .
741 1029 826 1063 duos
871 1028 1000 1063 solidos
1033 1049 1039 1055 ·
1074 1029 1162 1063 Item
1207 1029 1250 1064 de
1295 1035 1495 1064 tenemento
1542 1030 1678 1076 Patricij

218 1087 363 1122 Roberti
395 1088 534 1134 jacente
571 1089 604 1122 in
641 1089 733 1124 dicta
767 1090 823 1124 via
856 1090 947 1124 inter
983 1096 1109 1124 terram
1148 1090 1306 1125 Emmote
1342 1091 1385 1125 de
1431 1091 1602 1137 Kyngorn
1638 1104 1682 1125 ex

214 1156 312 1196 parte
339 1150 480 1186 australi
508 1157 544 1184 et
573 1157 702 1185 terram
722 1151 937 1185 Archebaldi
969 1151 1012 1186 de
1033 1151 1207 1186 Craufurd
1240 1164 1284 1186 ex
1314 1159 1412 1198 parte
1444 1152 1564 1186 boriali
1596 1153 1681 1186 duos

215 1210 342 1245 solidos
365 1232 370 1237 -
394 1211 483 1246 Item
503 1212 546 1246 de
565 1217 767 1247 tenemento
785 1212 956 1248 Johannis
975 1213 1018 1247 de
1039 1212 1164 1248 Carnis
1183 1213 1322 1259 jacente
1342 1225 1386 1247 ex
1404 1219 1502 1259 parte
1522 1214 1681 1248 orientali

214 1271 305 1307 dicte
325 1272 381 1306 vie
399 1272 491 1306 inter
511 1279 636 1307 terram
658 1273 801 1307 Domini
828 1273 964 1308 Thome
992 1274 1035 1308 de
1065 1301 1071 1307 .
1104 1300 1110 1307 .
1142 1301 1148 1307 .
1177 1273 1302 1308 thurbe
1321 1274 1490 1320 capellani
1510 1287 1554 1308 ex
1582 1281 1679 1321 parte

213 1333 352 1367 australi
373 1340 408 1367 et
427 1339 554 1367 terram
582 1333 701 1368 Dauid
731 1335 851 1380 Smyth
880 1347 925 1368 ex
952 1340 1050 1381 parte
1079 1334 1200 1368 boriali
1228 1334 1314 1368 duos
1342 1335 1470 1369 solidos
1493 1356 1498 1360 -
1522 1335 1610 1370 Item
1638 1336 1680 1370 de

212 1395 304 1429 dicto
323 1401 526 1430 tenemento
546 1395 665 1430 Dauid
682 1395 804 1442 Smyth
823 1402 969 1442 quatuor
990 1396 1118 1430 solidos
1141 1417 1146 1422 -
1171 1396 1258 1430 Item
1279 1396 1321 1430 de
1337 1403 1538 1431 tenemento
1551 1397 1679 1433 Johan-

212 1456 265 1490 nis
286 1455 392 1491 Mure
416 1456 556 1502 jacente
576 1456 609 1490 in
630 1457 722 1491 dicto
741 1457 818 1492 vico
844 1457 935 1492 inter
962 1457 1151 1504 predictam
1171 1464 1298 1492 terram
1327 1457 1475 1492 Dauidis
1495 1458 1617 1505 Smyth
1637 1471 1681 1493 ex

212 1524 309 1563 parte
336 1517 476 1552 australi
506 1523 541 1552 et
567 1524 694 1552 terram
727 1518 899 1565 quondam
919 1517 1055 1553 Thome
1088 1518 1212 1553 Brovvn
1233 1531 1277 1552 ex
1308 1524 1406 1565 parte
1442 1519 1562 1553 boriali
1594 1520 1679 1554 duos

213 1578 340 1613 solidos
363 1599 368 1604 ·
393 1578 480 1613 Item
510 1579 553 1613 de
585 1585 787 1614 tenemento
818 1579 989 1626 quondam
1022 1579 1177 1614 Donaldi
1210 1579 1308 1614 Coke
1336 1580 1475 1626 jacente
1507 1593 1551 1614 ex
1582 1588 1679 1626 parte

212 1639 371 1674 orientali
391 1639 482 1674 dicte
502 1640 557 1674 vie
576 1640 668 1674 inter
686 1646 813 1675 terram
832 1640 999 1674 heredum
1028 1640 1198 1675 Johannis
1217 1640 1260 1674 de
1282 1640 1492 1674 Robertown
1513 1653 1558 1675 ex
1578 1650 1676 1688 parte

213 1701 333 1735 boriali
353 1708 388 1735 et
405 1707 533 1736 terram
556 1701 710 1736 Gilberti
733 1701 813 1735 Ade
841 1714 886 1735 ex
917 1707 1014 1747 parte
1045 1701 1187 1734 australi
1218 1701 1304 1735 duos
1336 1700 1463 1735 solidos
1486 1722 1491 1727 ·
1516 1702 1603 1736 Item
1635 1703 1677 1736 de

213 1767 413 1795 tenemento
438 1762 610 1808 quondam
632 1762 778 1796 Walteri
801 1761 888 1796 Wan
914 1762 1053 1808 jacente
1081 1774 1125 1795 ex
1152 1770 1250 1808 parte
1278 1762 1484 1796 occidentali
1511 1763 1602 1797 dicte
1622 1764 1677 1797 vie

213 1821 303 1855 inter
323 1828 449 1856 terram
470 1822 613 1856 Domini
638 1822 808 1858 Johannis
836 1823 879 1856 de
899 1822 1075 1856 Mousfald
1108 1834 1151 1856 ex
1183 1828 1280 1869 parte
1312 1823 1452 1857 australi
1485 1830 1520 1857 et
1550 1830 1676 1858 terram

212 1881 333 1917 Jacobi
356 1881 492 1917 Glouer
511 1895 554 1916 ex
574 1889 671 1928 parte
691 1883 811 1917 boriali
831 1889 902 1917 tres
922 1882 1050 1916 solidos
1073 1903 1078 1908 ·
1103 1882 1191 1917 Item
1215 1883 1258 1917 de
1278 1889 1479 1917 tenemento
1500 1883 1677 1930 Wyllelmi

214 1942 304 1976 Dwn
321 1942 459 1989 jacente
479 1955 523 1976 ex
541 1949 639 1989 parte
659 1943 862 1977 occidentali
885 1943 977 1977 dicte
998 1943 1053 1977 vie
1072 1943 1163 1977 inter
1188 1950 1315 1978 terram
1334 1943 1416 1978 dicti
1436 1944 1614 1990 Wyllelmi
1634 1958 1678 1979 ex

212 2010 310 2050 parte
329 2003 469 2038 australi
489 2009 525 2038 et
542 2009 670 2038 terram
688 2003 858 2040 Johannis
880 2003 1051 2038 Purdome
1071 2016 1115 2038 ex
1141 2010 1239 2050 parte
1264 2004 1386 2038 boriali
1404 2005 1579 2039 sexdecim
1599 2006 1677 2040 soli-

212 2065 274 2098 dos
297 2085 302 2090 ·
327 2064 413 2098 Item
433 2064 476 2098 de
495 2064 588 2099 dicto
607 2071 807 2099 tenemento
825 2064 995 2100 Johannis
1024 2064 1202 2099 Pwrdome
1229 2065 1380 2112 quinque
1408 2066 1536 2100 solidos
1558 2087 1563 2093 ·
1588 2067 1676 2102 Item

212 2126 254 2160 de
274 2132 475 2160 tenemento
492 2125 662 2162 Johannis
682 2125 836 2160 Masown
862 2126 1001 2172 jacente
1021 2137 1065 2159 ex
1084 2130 1181 2171 parte
1201 2126 1341 2160 australi
1360 2126 1426 2161 vici
1446 2126 1489 2161 de
1508 2127 1540 2161 le
1560 2127 1677 2175 Dreg-

210 2192 270 2233 gat
288 2186 379 2220 inter
398 2192 526 2220 terram
541 2186 670 2220 domini
689 2186 732 2221 de
750 2186 950 2220 Howstown
971 2198 1015 2220 ex
1034 2191 1131 2232 parte
1151 2186 1357 2221 occidentali
1376 2193 1412 2221 et
1430 2192 1557 2222 terram
1576 2201 1675 2234 quam

210 2259 302 2281 nunc
329 2246 498 2281 inhabitat
526 2247 803 2281 Archidiaconus
833 2246 1066 2292 Glasguensis
1098 2258 1141 2280 ex
1174 2253 1271 2293 parte
1303 2247 1462 2282 orientali
1494 2249 1675 2283 duodecim

210 2307 339 2341 solidos
362 2328 367 2333 -
392 2307 480 2342 Item
500 2307 543 2342 de
563 2314 765 2342 tenemento
786 2307 952 2354 Stephani
972 2307 1103 2353 Denby
1130 2307 1270 2354 jacente
1289 2320 1334 2342 ex
1352 2314 1450 2355 parte
1471 2309 1675 2345 occidentali
