1922 2764
91 612 147 648 72.

595 252 811 289 ORDINIS
840 251 1275 287 PREDICATORUM.

1597 258 1618 289 N)

1622 257 1642 289 N>

1647 258 1668 288 Οἵ

202 425 337 461 Saisina
354 423 487 460 Fratris
501 423 671 460 Johannis
688 423 829 459 Huntar
849 423 978 458 Prioris
998 422 1128 457 ordinis
1157 422 1418 457 Predicatorum
1441 445 1446 450 -
1469 437 1492 458 x
1514 445 1519 451 ·
1544 424 1668 460 solido-

198 499 274 521 rum
290 499 334 521 ex
348 486 475 520 horreo
489 485 595 532 vulgo
614 491 812 532 nuncupato
833 484 1063 519 Akinroschis
1081 484 1189 518 barne
1206 496 1315 531 prope
1338 484 1495 519 Sanctam
1513 485 1638 520 Tenau
1661 507 1666 512 ·

199 581 271 647 IN
298 611 389 646 DEI
416 611 555 646 nomine
576 611 693 646 Amen
738 611 806 645 Per
824 610 890 645 hoc
908 610 1174 645 instrumentum
1193 615 1311 656 pateat
1329 609 1422 656 quod
1442 622 1532 644 anno
1559 609 1669 645 incar-

199 672 348 707 nationis
375 671 561 707 Dominice
588 671 771 707 millesimo
798 671 1079 719 quingentesimo
1125 671 1584 718 Quinquagesimosecundo
1613 671 1668 706 dic

198 745 283 768 vero
302 738 403 768 sexto
422 732 550 767 mensis
570 732 689 779 Martij
714 754 720 759 ·
744 732 785 767 In
803 732 871 768 mei
890 732 1013 778 notarij
1034 732 1164 779 publici
1182 738 1218 767 et
1236 732 1376 767 testium
1396 731 1669 779 subscriptorum

198 794 376 842 presentia
394 793 625 841 personaliter
645 794 854 829 constitutus
885 793 1056 829 discretus
1075 793 1128 827 vir
1157 793 1315 828 dominus
1333 792 1514 829 Johannes
1545 792 1671 828 Smitht

197 855 372 903 presbiter
391 868 430 890 ac
449 861 652 903 procurator
671 855 882 891 venerabilis
901 855 966 890 viri
985 854 1141 902 magistri
1162 854 1348 890 Cuthberti
1365 854 1535 901 Symsone
1550 854 1668 901 vicarij

199 917 242 951 de
261 916 406 951 Dalliell
423 916 606 952 existentis
625 916 660 951 in
680 922 771 952 statu
785 916 886 951 vuius
905 916 1008 963 annuj
1024 916 1183 951 redditus
1202 916 1323 951 decem
1340 915 1526 950 solidorum
1542 915 1671 950 vsualis

198 983 337 1013 monete
356 977 459 1024 regni
480 977 595 1013 Scotie
621 978 798 1013 annuatim
824 977 1042 1026 percipiendi
1075 983 1110 1012 et
1138 977 1279 1012 leuandi
1311 977 1354 1012 de
1386 976 1533 1024 quodam
1563 976 1671 1012 fundo

198 1038 272 1073 siue
298 1039 425 1074 horreo
443 1039 535 1085 wlgo
561 1045 760 1086 nuncupato
780 1038 1025 1086 Akynroschis
1054 1039 1167 1086 beyrn
1191 1038 1330 1085 jacente
1358 1038 1392 1072 in
1413 1037 1523 1073 crofta
1543 1038 1670 1073 Sancte

199 1099 326 1135 Teneu
340 1113 449 1148 prope
465 1100 641 1135 ciuitatem
656 1100 915 1148 Glasguensem
930 1100 1021 1135 inter
1036 1105 1148 1135 terras
1163 1099 1336 1147 quondam
1352 1098 1520 1134 Willelmi
1536 1099 1670 1134 Broun-

198 1161 284 1208 syde
304 1161 346 1196 ad
366 1161 584 1197 occidentem
601 1167 738 1199 [terras
769 1162 942 1209 quondam
970 1161 1140 1198 ,Iohannis
1171 1161 1323 1208 Rankyn
1353 1160 1395 1196 ad
1424 1160 1593 1196 orientem
1611 1169 1619 1197 1
1636 1166 1672 1195 et

197 1229 309 1258 terras
328 1222 411 1258 dicti
430 1223 606 1271 quondam
625 1223 781 1270 magistri
798 1222 985 1259 Cuthberti
1001 1223 1043 1257 ad
1062 1227 1215 1257 austrum
1257 1221 1420 1257 Accessit
1439 1221 1670 1269 personaliter

197 1283 241 1318 ad
257 1284 387 1319 dictum
405 1284 548 1319 fundum
569 1285 643 1320 siue
661 1284 825 1319 horreum
837 1292 989 1319 ‘vnacum
1008 1282 1202 1318 honorabili
1222 1283 1297 1317 viro
1316 1282 1457 1317 Dauide
1477 1282 1670 1329 Lyndesay

197 1345 308 1380 altero
340 1345 546 1381 balliuorum
578 1346 728 1382 ciuitatis
751 1345 984 1393 Glasguensis
1015 1358 1079 1392 pro
1110 1351 1267 1392 tempore
1322 1345 1370 1380 Et
1397 1344 1526 1379 ibidem
1558 1344 1670 1379 dictus

198 1406 358 1441 dominus
372 1407 552 1443 Johannes
570 1407 696 1443 smitht
709 1407 948 1454 procuratorio
967 1406 1107 1441 nomine
1122 1419 1190 1453 quo
1206 1418 1310 1453 supra
1328 1406 1500 1453 prefatum
1519 1418 1669 1440 annuum

197 1467 372 1502 redditum
384 1467 419 1502 in
431 1468 587 1502 manibus
600 1468 683 1503 dicti
695 1468 813 1502 balliui
825 1480 889 1515 per
900 1467 945 1502 lie
957 1467 1044 1515 hesp
1058 1473 1093 1502 et
1105 1467 1219 1514 stapill
1232 1466 1454 1502 traditionem
1466 1467 1500 1501 in
1513 1467 1667 1502 fauorem

200 1528 330 1563 Prioris
343 1534 378 1563 et
390 1534 584 1564 conuentus
597 1529 757 1564 Fratrum
771 1529 1032 1564 Predicatorum
1044 1529 1194 1564 ciuitatis
1210 1528 1443 1576 Glasguensis
1456 1541 1519 1576 pro
1532 1534 1623 1564 statu
1636 1534 1672 1563 et

198 1589 324 1624 saisina
339 1590 422 1625 dicti
442 1590 547 1625 annui
565 1590 723 1625 redditus
738 1590 870 1625 eisdem
885 1590 998 1625 danda
1016 1602 1103 1637 pure
1119 1595 1154 1625 et
1169 1589 1371 1637 simpliciter
1385 1589 1581 1635 resignauit
1625 1589 1672 1624 Et

196 1650 262 1686 hoc
286 1664 350 1698 pro
373 1651 613 1686 anniuersario
638 1652 813 1687 annuatim
840 1651 1032 1686 solenniter
1061 1651 1175 1686 fiendo
1198 1656 1234 1686 et
1252 1650 1463 1685 celebrando
1485 1663 1549 1697 pro
1578 1650 1670 1685 dicto

197 1712 363 1758 magistro
379 1712 575 1748 Cuthberto
590 1719 626 1748 et
641 1713 710 1748 suis
723 1713 927 1760 parentibus
940 1719 976 1748 et
989 1712 1271 1748 benefactoribus
1285 1725 1349 1759 per
1362 1712 1516 1760 prefatos
1529 1712 1670 1746 Fratres

199 1772 443 1808 Predicatores
458 1774 492 1808 in
510 1787 629 1809 eorum
646 1775 807 1810 Ecclesia
820 1774 995 1809 annuatim
1015 1774 1049 1808 in
1069 1774 1125 1809 die
1140 1773 1199 1808 illa
1213 1773 1452 1808 anniuersaria
1465 1772 1617 1808 crastina
1635 1779 1672 1807 et

199 1846 336 1881 semper
352 1835 504 1869 secunda
518 1841 597 1882 post
615 1835 705 1870 diem
725 1835 845 1870 mortis
860 1835 943 1870 dicti
957 1834 1114 1881 magistri
1131 1834 1318 1870 Cuthberti
1340 1834 1534 1880 Symsoune
1558 1854 1565 1860 ·
1590 1832 1671 1874 Qua

197 1894 435 1941 resignatione
448 1895 497 1930 sic
508 1895 599 1930 facta
611 1895 701 1930 idem
716 1896 862 1930 balliuus
876 1901 1001 1931 statum
1013 1901 1048 1930 et
1061 1895 1219 1930 saisinam
1226 1894 1458 1930 hereditarios
1470 1894 1552 1929 dicti
1565 1894 1671 1929 annui

197 1954 357 1990 redditus
376 1955 541 2002 religioso
559 1956 648 2003 patri
676 1956 792 1991 Fratri
818 1956 971 1992 Johanui
1000 1956 1141 1991 Huntar
1160 1956 1272 1991 Priori
1292 1955 1375 1991 dicti
1401 1955 1468 1990 loci
1496 1955 1570 1990 siue
1590 1968 1670 1991 con—

199 2022 325 2051 uentus
344 2016 494 2051 ciuitatis
517 2016 750 2063 Glasguensis
769 2017 925 2064 presenti
944 2017 1139 2064 acceptanti
1167 2022 1202 2051 et
1228 2016 1415 2064 recipienti
1440 2016 1671 2063 personaliter

198 2084 234 2112 et
252 2078 286 2112 in
305 2078 455 2125 propriis
474 2078 630 2113 manibus
649 2092 712 2126 per
730 2079 776 2114 lie
795 2078 881 2126 hesp
901 2085 936 2114 et
955 2078 1070 2126 stapill
1100 2078 1323 2114 traditionem
1342 2078 1440 2114 dedit
1457 2078 1604 2113 contulit
1635 2085 1671 2113 et

197 2138 406 2174 deliberauit
422 2148 430 2176 l
447 2139 488 2185 ad
502 2139 663 2175 effectum
675 2145 714 2174 vt
727 2139 810 2174 dicti
826 2139 968 2175 Fratres
982 2139 1017 2174 in
1030 2152 1149 2174 eorum
1162 2139 1321 2175 Ecclesia
1335 2139 1510 2175 annuatim
1525 2139 1670 2175 solenne

198 2200 380 2235 celebrent
398 2200 674 2236 anniuersarium
703 2213 780 2235 cum
811 2200 1078 2236 solennitatibus
1109 2206 1145 2236 et
1163 2200 1369 2236 ceremoniis
1400 2200 1576 2248 requisitis
1607 2213 1670 2248 pro

199 2261 312 2295 anima
329 2261 437 2308 ipsius
455 2261 612 2309 magistri
632 2261 819 2297 Cuthberti
839 2267 875 2296 et
901 2274 1042 2297 suorum
1060 2261 1398 2309 consanguineorum
1423 2268 1607 2309 parentum
1635 2269 1669 2297 et

199 2322 460 2357 benefactorum
488 2322 544 2357 die
574 2322 770 2370 prescripto
793 2343 799 2350 ·
825 2323 937 2371 Super
964 2323 1088 2370 quibus
1114 2323 1270 2370 prefatus
1302 2323 1461 2358 dominus
1489 2323 1669 2359 Johannes

912 2387 965 2413 QF
