1922 2764
241 278 287 312 56
568 279 721 314 LIBER
749 277 994 314 ECCLESIE
1023 276 1359 313 COLLEGIATE

241 380 371 409 sextam
391 380 426 410 et
444 375 621 421 septimam
639 375 740 409 horas
758 381 825 410 tam
844 374 980 409 estiuali
997 386 1097 420 quam
1115 372 1265 419 hyemali
1291 371 1501 418 temporibus
1528 371 1577 406 sic
1594 371 1685 417 quod

240 435 419 469 celebrans
438 447 506 469 non
533 435 754 470 excusabitur
779 447 798 469 a
817 434 999 468 Matutinis
1018 433 1196 468 cantandis
1223 432 1270 467 Et
1287 432 1315 466 si
1333 444 1401 466 non
1420 431 1591 466 interierit
1609 443 1685 466 cum

240 494 365 529 ceteris
383 500 462 529 ante
477 495 580 529 finem
595 503 605 531 Ι
624 495 747 530 Gloria
762 494 855 528 Patri
871 502 879 529 Ι
895 494 994 540 primi
1013 492 1133 540 psalmi
1148 500 1158 528 Ι
1173 492 1307 526 amittet
1320 491 1410 526 illam
1429 491 1545 526 horam
1568 512 1574 518 ·
1597 491 1685 526 Item

240 567 340 588 vnam
358 555 456 589 aliam
476 554 619 589 Missam
638 555 681 589 de
711 554 846 600 Requie
874 566 937 600 pro
965 553 1076 587 anima
1102 564 1178 587 mea
1207 557 1242 586 et
1269 557 1448 598 parentum
1477 563 1630 586 meorum
1648 564 1687 586 ac

240 614 414 649 animabus
443 615 590 649 omnium
622 615 773 649 fidelium
802 613 1041 648 defunctorum
1069 618 1105 646 et
1132 611 1214 646 dicti
1247 611 1397 658 Collegii
1427 611 1685 646 benefactorum

241 674 352 708 statim
373 674 555 709 Matutinis
573 675 678 709 finitis
695 683 704 710 l
719 680 938 720 preterquam
956 673 991 706 in
1010 671 1195 706 maioribus
1213 671 1405 718 duplicibus
1423 684 1443 706 a
1460 672 1553 706 clero
1575 678 1611 706 et
1627 685 1686 718 po-

239 734 320 780 pulo
337 735 511 769 veneratis
530 741 565 769 et
583 734 774 769 obseruatis
790 742 799 769 l
816 733 856 767 In
875 733 997 779 quibus
1023 731 1119 766 finita
1145 731 1256 766 Missa
1280 731 1357 766 alba
1382 731 1522 766 indutus
1546 737 1582 766 et
1599 732 1687 766 stola

239 793 333 839 legat
351 794 494 828 officium
515 794 625 828 Misse
644 793 861 827 Mortuerum
890 792 937 826 Et
964 791 1073 826 Missa
1090 792 1186 825 finita
1203 791 1246 825 de
1273 791 1329 826 die
1347 791 1381 825 in
1409 791 1476 826 illis
1502 792 1686 826 maioribus

240 853 432 899 duplicibus
451 861 486 889 et
504 854 578 888 aliis
597 854 708 888 missis
734 853 876 887 accedat
893 852 1073 886 celebrans
1099 851 1142 886 ad
1169 851 1385 898 sepulchrum
1404 864 1517 886 meum
1535 858 1571 886 et
1596 852 1688 887 dicat

239 914 404 959 psalmum
421 922 430 949 Ι
446 914 503 948 De
520 914 703 948 Profundis
720 922 728 948 l
745 926 819 947 cum
838 913 998 959 precibus
1013 918 1049 947 et
1062 912 1272 946 orationibus
1287 911 1396 946 solitis
1415 918 1450 946 et
1463 912 1637 947 consuetis
1652 918 1687 947 et

239 973 438 1020 aspersione
457 986 543 1019 aque
562 973 745 1007 benedicte
768 993 773 998 -
798 973 884 1006 Item
914 972 1031 1006 Altam
1062 971 1206 1006 Missam
1237 972 1309 1006 siue
1341 972 1510 1006 Summam
1543 972 1685 1007 Missam

238 1046 313 1067 cum
333 1040 434 1068 cantu
461 1033 594 1067 solenni
625 1033 845 1079 Gregoriano
864 1033 919 1067 vel
941 1033 1098 1068 discantu
1116 1045 1191 1068 cum
1219 1045 1425 1080 organorum
1453 1033 1685 1068 modulatione

239 1101 274 1128 et
293 1094 369 1127 lusu
388 1099 489 1140 prout
506 1099 640 1139 tempus
659 1093 770 1139 exigit
791 1114 797 1119 -
820 1093 908 1128 Item
927 1099 1081 1139 quartam
1101 1093 1243 1127 Missam
1273 1093 1385 1127 statim
1403 1099 1481 1139 post
1507 1106 1685 1128 consecra-

238 1154 365 1188 tionem
386 1160 420 1187 et
447 1154 674 1188 eleuationem
697 1153 862 1200 Corporis
883 1153 1013 1188 Christi
1032 1153 1116 1187 Alte
1141 1153 1214 1187 siue
1236 1153 1372 1188 Summe
1402 1153 1510 1188 Misse
1527 1162 1536 1189 Ι
1552 1153 1599 1188 Et
1616 1166 1685 1188 non

239 1213 338 1247 citius
357 1214 573 1248 inchoabitur
589 1223 597 1249 l
614 1214 662 1248 sic
681 1214 772 1260 quod
790 1227 809 1248 a
827 1221 928 1248 cantu
947 1220 982 1248 et
1008 1213 1176 1248 interesse
1207 1214 1343 1248 Summe
1370 1213 1481 1248 Misse
1499 1226 1568 1248 non
1586 1214 1686 1249 aliter

239 1274 459 1308 excusabitur
474 1274 537 1308 sub
550 1287 639 1320 pena
654 1274 845 1308 amissionis
859 1274 950 1308 illius
964 1274 1047 1308 hore
1070 1294 1076 1300 ·
1100 1273 1146 1308 Et
1160 1273 1216 1320 qui
1231 1273 1536 1320 prebendariorum
1552 1274 1685 1320 predic-

238 1341 350 1368 torum
368 1334 502 1368 missam
523 1347 614 1368 suam
634 1334 668 1368 in
697 1341 798 1368 turno
825 1347 886 1368 suo
913 1334 1046 1368 amittet
1071 1334 1203 1368 tociens
1230 1333 1395 1380 quociens
1420 1334 1598 1380 persoluet
1623 1347 1686 1368 sex

238 1394 398 1428 denarios
411 1395 453 1428 ad
469 1407 566 1428 vsum
579 1394 750 1441 Prepositi
765 1394 837 1429 siue
851 1394 1060 1441 presidentis
1072 1394 1292 1440 applicandos
1309 1402 1317 1429 l
1333 1400 1450 1440 preter
1462 1400 1575 1428 tamen
1590 1394 1684 1429 illum

238 1454 295 1499 qui
314 1454 464 1488 cantabit
483 1454 601 1489 Altam
620 1454 763 1488 Missam
782 1455 840 1500 qui
858 1467 920 1500 pro
948 1467 1008 1488 suo
1033 1454 1170 1488 defectu
1195 1454 1375 1500 persoluet
1392 1454 1484 1488 dicto
1504 1454 1684 1501 Preposito

238 1514 310 1548 siue
325 1514 515 1560 presidenti
530 1514 708 1548 duodecim
724 1514 883 1548 denarios
905 1535 911 1540 ·
935 1514 982 1548 Et
995 1514 1020 1548 si
1037 1514 1112 1560 quis
1126 1526 1171 1548 ex
1186 1513 1350 1560 predictis
1364 1514 1569 1548 infirmitatis
1583 1527 1685 1549 causa

237 1574 442 1620 impediatur
461 1574 539 1608 volo
558 1586 620 1621 per
639 1574 828 1608 confratres
847 1574 928 1608 dicti
949 1574 1098 1619 Collegii
1112 1574 1206 1608 vices
1224 1586 1302 1608 suas
1316 1574 1493 1609 obseruari
1509 1581 1543 1609 et
1561 1576 1683 1622 perim-

236 1634 324 1681 pleri
340 1643 350 1670 l
367 1635 413 1668 Et
441 1635 467 1668 si
496 1634 571 1680 quis
601 1634 787 1668 eorundem
815 1647 877 1680 per
908 1634 1123 1680 Prepositum
1152 1634 1208 1668 vel
1236 1634 1468 1680 presidentem
1499 1636 1683 1681 requisitus

237 1694 341 1729 fuerit
359 1701 394 1729 et
416 1694 630 1729 recusauerit
655 1694 832 1740 persoluet
857 1693 1037 1728 duodecim
1064 1693 1223 1728 denarios
1249 1694 1439 1740 presidenti
1461 1715 1466 1720 ·
1491 1695 1578 1729 Item
1605 1695 1684 1729 volo

238 1755 392 1801 singulos
410 1755 493 1789 alios
511 1754 758 1801 prebendarios
776 1759 893 1800 preter
912 1759 1132 1800 expressatos
1158 1753 1345 1788 secundum
1372 1766 1489 1788 eorum
1508 1755 1683 1789 conscien-

236 1815 301 1850 tias
320 1815 410 1849 omni
429 1815 484 1849 die
517 1814 693 1849 celebrare
722 1820 824 1861 prout
841 1826 953 1848 coram
984 1814 1120 1848 Summo
1148 1813 1228 1847 Deo
1254 1813 1467 1860 respondere
1485 1814 1683 1852 voluerint!

238 1876 326 1910 Item
345 1876 436 1910 omni
457 1875 606 1910 Sabbato
624 1874 703 1908 volo
722 1881 757 1908 et
775 1874 897 1908 ordino
915 1873 1099 1920 capitulum
1117 1873 1191 1908 fore
1210 1873 1245 1908 in
1264 1873 1356 1908 dicto
1373 1886 1450 1908 meo
1470 1873 1630 1921 Collegio
1649 1876 1682 1910 in

239 1936 394 1970 omnibus
414 1941 449 1970 et
466 1947 528 1982 per
547 1935 660 1969 omnia
679 1935 867 1969 secundum
885 1934 1040 1980 regulam
1060 1940 1095 1968 et
1113 1933 1376 1968 constitutiones
1395 1934 1540 1969 ecclesie
1560 1942 1683 1970 metro-

239 1997 389 2044 politane
420 1996 650 2042 Glasguensis
677 2002 712 2030 et
738 1995 795 2042 qui
822 1995 970 2030 abfuerit
996 1994 1171 2041 persoluet
1196 1995 1387 2042 presidenti
1413 1995 1498 2029 duos
1525 1995 1684 2031 denarios

240 2064 305 2092 etc.
