1922 2764
240 236 319 271 xciv
850 232 1077 269 TABULA.

241 373 285 401 19.

309 371 453 400 Protectio
470 371 558 408 Regis
575 372 694 400 Roberti
715 388 720 394 -
741 381 761 399 11
783 388 788 393 ·
809 371 843 399 de
864 372 994 399 omuibus
1013 371 1096 399 rebus
1117 369 1269 398 mobilibus
1291 373 1321 397 et
1343 367 1558 396 immobilibus·

356 435 387 470 (4
403 434 420 462 J
424 433 483 461 unii
500 434 580 464 1376.
601 443 633 461 ex
646 439 736 472 autoy.
750 435 778 462 in
791 433 888 462 archiv.
911 434 984 461 Univ.
1002 433 1108 470 Glasq.)

241 498 285 525 20.
307 496 394 525 Carta
417 495 595 533 quorundam
618 495 787 523 victualium
809 505 858 533 per
883 496 1043 523 Johannem
1061 495 1183 522 Stewart
1205 493 1354 521 dominum
1375 492 1410 520 de
1436 492 1559 520 Dernele

355 558 416 586 loco
433 557 650 586 Predicatorum
664 557 698 585 de
723 557 836 594 Glasgw
849 557 1019 585 donatorum
1033 573 1038 578 ·
1055 557 1103 592 (21
1124 555 1300 593 Septembris
1317 555 1399 585 1419.
1420 564 1453 583 eoe
1466 559 1557 591 autoy.

358 621 387 648 in
401 619 499 647 archiv.
522 620 596 647 Univ.
616 619 718 656 Glassy.)

243 684 286 710 21.
309 683 396 711 Carta
410 682 496 710 annui
511 681 639 709 redditus
654 681 753 717 viginti
767 681 922 709 solidorum
936 690 986 718 per
1003 682 1176 709 Duncanum
1191 680 1320 709 Cambell
1336 680 1370 708 de
1389 680 1511 708 Loehaw
1526 679 1562 708 de

244 810 261 837 [Ο

264 810 281 837 [Ο

258 1746 302 1774 28.

259 1932 295 1959 29

264 2118 307 2146 30.

265 2304 310 2332 31.

359 745 449 773 chetis
464 745 522 772 suis
537 744 663 772 soluendi
680 745 746 781 -(10
763 743 937 781 Septembris
950 744 1030 772 1429.
1051 753 1084 771 cz·
1097 749 1184 781 amoq.
1199 744 1227 771 in
1239 743 1337 771 archiv.
1359 744 1435 771 Univ.
1453 744 1556 781 Glasq.)

284 831 290 837 .
314 810 540 836 lustramentum
563 807 711 835 cuiusdam
733 807 890 835 tenementi
911 807 972 835 loeo
995 806 1212 835 Predicatorum
1236 806 1329 834 relicti
1352 815 1402 843 per
1416 806 1564 834 dominum

362 870 539 898 Willelmum
552 870 677 898 Forffare
688 869 813 906 priorem
823 869 858 897 de
872 869 908 897 B1
917 869 1002 898 xntire
1018 885 1023 890 ·
1039 869 1092 905 (19
1108 869 1273 898 Decembris
1286 869 1367 898 1430.
1382 870 1564 897 abbreviatum

361 943 393 961 ex
405 938 495 970 autoy.
512 934 540 960 ’ἱη
553 932 652 960 archiv.
676 932 752 959 Univ.
770 932 876 969 Glasy.)

246 1002 251 1008 ·
265 1016 270 1023 .
286 1017 291 1023 .
315 995 403 1023 Aliud
414 995 635 1023 instrumentum
647 994 774 1022 eiusdem
785 995 941 1022 tenementi
958 1009 962 1014 -
976 995 1026 1031 (22
1040 994 1204 1023 Decembris
1219 994 1298 1022 1430.
1320 995 1423 1022 abbrev.
1436 1004 1468 1022 ez
1479 999 1566 1031 autoy.

363 1060 390 1086 in
403 1059 505 1086 archiv.
525 1059 599 1086 Univ.
619 1057 722 1095 Glasy.)

250 1140 264 1149 ..
289 1141 294 1148 .
317 1121 403 1149 Carta
419 1121 505 1148 Alani
522 1121 642 1148 Stewart
656 1119 763 1147 domini
778 1120 812 1147 de
830 1120 952 1156 Dernley
967 1119 1000 1148 de
1017 1119 1119 1156 viginti
1143 1119 1241 1148 solidis
1263 1119 1414 1148 annuatim
1434 1119 1469 1147 de
1484 1120 1567 1147 terris

364 1183 398 1210 de
415 1183 554 1211 Cathkert
569 1196 574 1201 ·
590 1183 642 1219 (19
657 1182 789 1210 Januarii
806 1183 923 1211 1433—4.
945 1192 977 1210 (τω
990 1188 1077 1220 azctoy.
1091 1184 1120 1210 in.
1132 1182 1229 1210 archiv.
1254 1183 1329 1210 Unio.
1349 1182 1452 1219 Glasy.)
1480 1203 1485 1209 .

273 1248 293 1275 ⁹.
318 1246 468 1274 Endentur
482 1247 516 1274 be
532 1250 605 1283 twyx
620 1247 669 1274 the
688 1246 784 1273 Freris
799 1247 829 1274 of
850 1246 957 1283 Glasgu
972 1246 1028 1274 and
1051 1246 1143 1274 Johne
1167 1245 1288 1282 Flemyn
1306 1246 1335 1273 of
1357 1246 1405 1273 the
1421 1245 1548 1282 Covglen
1563 1260 1567 1265 ·

367 1310 418 1346 (22
434 1309 565 1338 Januarii
582 1310 700 1337 1433—4.
721 1319 754 1337 ex
768 1314 854 1346 αιιεοῃ.
871 1311 900 1337 in
915 1309 1012 1337 archiv.
1035 1310 1108 1337 Uniw.
1127 1309 1232 1346 Glasgy)

323 1373 549 1400 Instrumentum
573 1371 677 1400 saisine
701 1371 790 1399 trium
815 1371 969 1399 solidorum
992 1381 1040 1399 sex
1063 1371 1246 1399 denariorum
1271 1371 1305 1398 de
1330 1380 1385 1398 vua
1408 1371 1476 1399 roda
1497 1377 1571 1400 terre

367 1433 524 1462 Alexandri
539 1434 651 1462 Saware
662 1434 776 1470 jacente
788 1433 818 1460 in
829 1434 854 1461 10
867 1433 1032 1470 Walcargat
1046 1440 1051 1445 ·
1064 1433 1111 1470 (21
1127 1433 1145 1460 J
1149 1432 1208 1460 unii
1221 1433 1302 1462 1447.
1324 1434 1432 1461 abbrev.
1443 1443 1476 1461 ez
1487 1439 1572 1471 azatoq.

370 1497 398 1524 in
412 1496 510 1523 archiv.
533 1496 608 1524 Univ.
629 1496 731 1532 Glasy.)

295 1581 299 1587 .
322 1559 409 1588 Carta
422 1558 652 1587 confirmacionis
670 1558 753 1586 Alani
770 1559 804 1586 de
820 1559 960 1587 Cathkert
974 1559 1080 1587 domini
1102 1559 1230 1587 eiusdem
1244 1559 1279 1587 de
1293 1559 1397 1597 viginti
1420 1560 1517 1588 solidis
1539 1560 1573 1589 de

370 1620 460 1648 firmis
479 1620 513 1648 (le
541 1621 690 1657 Bogtoune
706 1637 711 1642 ·
728 1621 781 1658 (16
807 1621 931 1658 Augusti
956 1622 1036 1650 1450.
1066 1632 1098 1649 αι·
1118 1627 1206 1659 autogr.
1222 1623 1251 1649 in
1270 1622 1370 1649 archiv.
1392 1622 1468 1650 Univ.
1487 1623 1575 1660 Glasy.

372 1683 435 1710 vide
451 1692 536 1720 supra
550 1693 577 1709 u.
594 1683 651 1719 15.)
710 1705 716 1711 .

325 1745 412 1773 Carta
429 1744 583 1773 Alexandri
599 1745 633 1773 de
649 1746 837 1782 Conyngham
852 1746 960 1774 domini
981 1746 1015 1774 de
1033 1746 1214 1783 Kylmawrys
1236 1746 1270 1774 de
1285 1750 1410 1783 quatuor
1431 1747 1535 1775 marcis
1549 1752 1578 1776 et

373 1806 494 1835 dimidia
508 1807 542 1835 de
560 1807 643 1835 terris
658 1808 692 1836 de
714 1807 906 1846 Fynlaustone
921 1822 927 1827 -
942 1809 993 1846 (20
1010 1809 1110 1836 Martii
1135 1809 1254 1837 1450-1.
1274 1819 1306 1837 ex
1327 1815 1414 1847 autoy.
1429 1811 1458 1837 in
1478 1810 1576 1838 archiv.

382 1870 456 1898 Univ.
476 1870 580 1907 Glasq.)
637 1891 642 1897 .

327 1932 413 1959 Carta
427 1936 569 1959 terrarum
584 1932 617 1959 (le
635 1932 780 1969 Balagane
795 1942 845 1970 per
858 1932 1009 1961 Isabellam
1021 1933 1164 1961 ducissam
1178 1933 1212 1961 de
1228 1933 1350 1962 Albania
1365 1938 1393 1962 et
1404 1934 1580 1963 comitissam

376 1993 410 2020 de
436 1993 532 2021 Leuox
553 2003 686 2022 concessa
701 2011 705 2016 -
722 1995 773 2031 (18
797 1994 869 2023 Maii
896 1996 976 2023 1451.
1004 2006 1037 2023 6oe
1059 1995 1214 2034 apoyrapho
1235 1997 1311 2034 apud
1333 1996 1442 2025 Hutton.
1466 1997 1579 2026 Monast.

382 2056 482 2084 Collect.
498 2062 516 2084 t.
531 2059 560 2084 ii.
577 2057 643 2086 MS.
660 2058 728 2086 Adv.
745 2059 818 2086 Bibl.
835 2059 951 2095 Edinb.)
981 2081 987 2086 .

331 2118 417 2146 Carta
441 2119 548 2147 domini
576 2121 707 2148 Duncani
727 2121 753 2149 le
775 2121 903 2150 Cambell
926 2122 960 2150 de
985 2122 1105 2150 Lochaw
1127 2132 1177 2159 pro
1200 2122 1305 2159 viginti
1326 2123 1422 2151 solidis
1443 2123 1477 2150 de
1491 2124 1581 2151 firmis

380 2185 519 2209 terrarum
531 2182 565 2210 de
579 2182 788 2211 Incheruerusk
803 2185 831 2212 in
844 2185 954 2213 Cowale
968 2185 1050 2213 iuxta
1063 2185 1158 2213 lacum
1172 2185 1206 2214 de
1224 2186 1357 2223 Lochayk
1371 2202 1377 2207 ·
1393 2186 1443 2222 (27
1459 2186 1585 2223 Septem-

381 2243 438 2270 bris
456 2243 535 2272 1451.
557 2255 590 2272 et
604 2250 692 2283 aictoy.
707 2247 737 2274 in
750 2247 850 2275 archiv.
873 2248 949 2275 Univ.
968 2248 1073 2284 Glasq.)

334 2305 421 2332 Carta
435 2306 523 2334 annui
538 2307 667 2335 redditus
682 2308 833 2337 duodecim
856 2318 1017 2338 merearum
1039 2319 1089 2347 per
1115 2310 1210 2338 Dauid
1233 2310 1367 2348 Cadyoeh
1389 2315 1584 2348 precentorem

1621 326 1694 349 Plus.

1641 429 1693 458 161

1647 932 1701 960 164

1649 1058 1701 1086 165

1650 1183 1702 1211 165

1650 1309 1704 1338 166

1656 1687 1709 1715 168

1659 1874 1712 1902 169

1662 2062 1713 2092 171

1664 2250 1718 2280 172
