1922 2764
119 2211 177 2243 31.

623 253 841 289 ORDINIS
869 252 1307 291 PREDICATORUM.
1631 262 1696 298 173

232 364 396 399 videlicet
413 364 456 399 ad
474 363 647 398 nundinas
669 363 912 410 Glasguenses
931 370 967 399 et
997 364 1096 399 aliam
1116 365 1337 400 medietatem
1356 366 1398 400 ad
1418 366 1559 401 Festum
1581 368 1696 402 Sancti

230 425 375 460 Martini
405 425 439 460 in
467 437 627 472 yempme
658 425 856 460 immediate
888 438 1038 470 sequens
1065 425 1176 473 primo
1208 426 1357 461 termino
1388 427 1575 474 incipiente
1606 441 1696 463 anno

230 485 374 521 Domini
414 486 595 521 millesimo
630 486 975 533 quadringentesimo
1006 487 1406 534 quinquagesimoprimo
1447 489 1490 523 ad
1524 490 1695 524 nundinas

230 547 443 594 supradictas
485 547 546 581 Ad
576 560 721 594 quorum
749 547 874 594 viginti
906 547 1093 583 solidorum
1128 548 1339 583 solucionem
1373 549 1518 596 singulis
1545 550 1643 584 annis
1662 556 1698 585 et

228 608 385 643 terminis
404 608 600 643 memoratis
619 621 673 643 me
702 614 738 643 et
764 621 859 643 meos
886 609 1035 643 heredes
1063 608 1180 656 obligo
1210 622 1273 656 per
1299 616 1483 656 presentes
1516 611 1695 646 Subiciens

229 682 282 704 me
302 676 337 704 et
354 670 503 705 heredes
521 682 616 705 meos
636 670 743 704 eciam
762 683 830 716 quo
849 670 892 705 ad
911 670 975 705 hec
994 670 1228 706 iurisdiccioni
1245 677 1281 706 et
1295 671 1492 706 cohercioni
1510 673 1696 707 reuerendi

229 732 262 765 in
285 731 366 779 Xpo
385 731 492 778 patris
519 744 558 766 ac
584 731 714 766 domini
737 731 880 766 Domini
904 731 1062 778 Georgei
1092 732 1255 768 Lawedir
1274 733 1439 780 Episcopi
1466 733 1696 780 Ergadiensis

228 793 384 828 moderni
403 805 442 827 ac
461 805 599 827 suorum
620 805 858 827 successorum
889 799 925 828 et
943 793 1132 828 eorundem
1161 793 1354 828 officialium
1373 794 1431 841 qui
1458 807 1521 841 pro
1539 800 1695 842 tempore

229 854 358 889 fuerint
375 861 413 889 vt
430 854 496 902 ipsi
514 854 571 889 vel
591 866 708 889 eorum
737 854 825 889 alter
844 854 902 901 qui
931 867 1035 901 super
1063 854 1129 889 hoc
1146 854 1253 889 fuerit
1270 855 1457 902 requisitus
1487 856 1621 902 possint
1640 857 1695 891 vel

227 916 337 963 possit
355 928 408 950 me
428 922 463 950 et
480 915 629 950 heredes
656 928 751 950 meos
770 915 981 962 compellere
1009 915 1082 950 sola
1108 915 1330 962 inspeccione
1358 917 1575 963 presencium
1596 917 1696 952 vnica

228 983 360 1012 tantum
381 977 574 1012 monicione
593 977 763 1024 premissa
781 977 824 1011 ad
842 977 1125 1012 obseruaciouem
1147 983 1182 1011 et
1209 977 1420 1012 solucionem
1439 977 1530 1013 dicte
1549 979 1697 1025 pecunie

227 1038 330 1073 dictis
349 1038 505 1073 terminis
522 1038 756 1085 persoluende
783 1050 847 1084 per
866 1038 1077 1073 sentenciam
1106 1039 1477 1074 excommunicacionis
1504 1039 1548 1074 de
1576 1040 1631 1074 die
1659 1040 1693 1074 in

228 1099 318 1135 diem
339 1100 372 1134 in
391 1106 527 1134 nostras
545 1112 712 1147 personas
730 1100 981 1146 promulgande
1019 1099 1191 1147 Obligans
1210 1100 1451 1135 nichilominus
1470 1113 1524 1136 me
1544 1107 1579 1136 et
1597 1101 1695 1136 here—

228 1162 290 1197 des
317 1174 411 1196 meos
439 1161 482 1196 ad
512 1161 717 1196 soluendum
747 1160 877 1196 fabrice
899 1160 1118 1196 Cathedralis
1147 1161 1306 1196 Ecclesie
1337 1162 1453 1197 Sancti
1484 1162 1627 1197 Moloak
1659 1163 1694 1197 in

228 1223 383 1270 Ergadia
400 1235 501 1257 vnam
526 1235 671 1257 marcam
690 1222 781 1258 bone
809 1228 844 1257 et
871 1223 993 1269 legalis
1012 1229 1150 1257 monete
1177 1222 1278 1269 regni
1300 1223 1420 1257 Scocie
1448 1230 1484 1258 et
1510 1223 1694 1258 dimediam

227 1297 375 1319 marcam
394 1284 548 1319 eiusdem
568 1290 707 1318 monete
726 1284 769 1318 ad
795 1284 958 1319 fabricam
977 1290 1013 1319 et
1030 1284 1288 1331 reparacionem
1318 1284 1476 1319 Ecclesie
1497 1284 1693 1330 Collegiate

231 1346 348 1381 Sancti
366 1346 494 1380 Mundi
511 1345 545 1380 in
563 1345 717 1381 Cowalle
737 1345 1041 1393 quocienscunque
1060 1345 1095 1379 in
1111 1345 1288 1380 solucione
1303 1345 1394 1380 dicte
1410 1346 1557 1393 pecunie
1577 1347 1693 1394 singu·

228 1407 270 1442 lis
288 1407 385 1442 annis
404 1413 440 1442 et
457 1407 615 1442 terminis
634 1407 704 1442 suis
731 1407 765 1441 in
793 1413 866 1442 toto
885 1407 941 1442 vel
972 1407 1006 1441 in
1038 1413 1136 1454 parte
1164 1406 1326 1441 defecero
1358 1420 1419 1441 seu
1450 1407 1599 1442 heredes
1627 1409 1695 1443 mei

228 1469 320 1516 quod
347 1469 435 1504 absit
461 1468 656 1504 defecerint
690 1469 724 1503 in
751 1468 904 1503 futurum
940 1468 1096 1516 presenti
1127 1468 1369 1503 nichilominus
1406 1469 1535 1516 scripto
1570 1469 1603 1503 in
1632 1482 1693 1504 suo

227 1531 352 1565 robore
370 1531 536 1565 duraturo
563 1530 611 1565 Et
629 1530 672 1565 ad
690 1530 853 1564 maiorem
873 1529 1094 1564 securitatem
1113 1542 1152 1564 ac
1170 1535 1375 1576 perpetuam
1394 1529 1693 1565 confirmacionem

226 1591 442 1639 huiusmo[di]
457 1591 658 1626 donacionis
673 1597 709 1626 et
722 1591 948 1637 obligacionis
968 1590 1117 1637 sigillum
1132 1596 1288 1625 nostrum
1304 1603 1371 1625 vna
1386 1603 1462 1625 cum
1479 1590 1592 1637 sigillo
1611 1591 1693 1625 dicti

227 1653 414 1688 reuerendi
435 1653 543 1700 patris
565 1652 725 1700 Georgei
744 1652 906 1688 Lawedir
924 1652 1090 1699 Episcopi
1121 1651 1346 1698 Ergadiensis
1364 1651 1528 1686 antedicti
1552 1664 1694 1698 presen-

228 1714 319 1748 tibus
334 1720 387 1748 est
401 1726 590 1761 appensum
620 1713 729 1760 Apud
748 1713 941 1748 Ecclesiam
958 1712 1189 1759 Collegiatam
1207 1712 1325 1747 Sancti
1344 1712 1470 1746 Mundi
1488 1712 1523 1746 in
1541 1711 1693 1748 Cowalle

229 1774 540 1821 vicesimoseptimo
559 1774 615 1809 die
633 1774 762 1809 mensis
783 1774 997 1821 Septembris
1039 1774 1145 1808 Anno
1169 1773 1310 1819 Dominj
1331 1772 1513 1807 millesimo
1532 1773 1693 1819 quadrin—

228 1835 423 1881 gentesimo
441 1834 839 1881 quinquagesimoprimo
859 1840 914 1868 etc
936 1854 941 1859 ·

232 2017 338 2053 Carta
355 2029 545 2052 annuorum
564 2017 762 2052 reddituum
780 2016 961 2051 duodecim
980 2028 1172 2051 merearum
1203 2029 1265 2063 per
1292 2016 1409 2051 Dauid
1430 2016 1597 2063 Cadyoch
1615 2030 1692 2065 pre-

229 2085 407 2114 centorem
429 2078 685 2125 Glasguensem
709 2099 714 2104 ·

233 2173 420 2240 Omnibus
438 2203 526 2237 hanc
546 2208 673 2238 cartam
692 2202 817 2236 visuris
836 2202 892 2237 vel
919 2202 1087 2237 audituris
1115 2202 1233 2237 Dauid
1259 2203 1302 2238 de
1323 2202 1477 2239 Cadioch
1506 2212 1692 2252 precentor

230 2264 378 2299 ecclesie
400 2263 632 2311 Glasguensis
654 2284 660 2289 ·
686 2263 838 2298 Salutem
858 2263 892 2297 in
911 2263 1066 2298 Domino
1081 2264 1324 2311 sempiternam
1346 2286 1353 2291 ·
1379 2265 1501 2301 Sciatis
1515 2279 1569 2302 me
1584 2268 1692 2315 resig—

230 2337 331 2360 nasse
349 2337 389 2360 ac
418 2337 504 2372 pure
524 2330 559 2360 et
589 2323 791 2371 simpliciter
823 2336 957 2359 sursum
988 2324 1182 2359 reddidisse
1214 2325 1248 2359 in
1279 2325 1436 2361 manibus
1467 2327 1608 2363 discreti
1629 2329 1691 2363 viri
