1922 2764
676 229 716 265 B.
745 229 792 264 V.
820 229 989 265 MARIE
1017 230 1086 266 ET
1114 232 1147 266 S.
1178 231 1335 268 ANNE.
1661 240 1706 272 53

244 326 432 361 noctuatim
464 326 620 373 exceptis
651 326 836 361 maioribus
868 327 1062 373 duplicibus
1088 328 1213 364 festis!
1231 328 1491 376 Antiphonaml
1509 332 1541 366 in
1573 333 1705 368 honore

247 386 411 421 Gloriose
424 386 584 433 Virginis
597 386 710 421 Marie
728 395 737 422 Ι
752 399 888 421 necnon
902 392 937 421 et
948 387 1115 433 psalmum
1132 395 1141 423 Ι
1158 388 1215 421 De
1232 388 1415 423 Profundis
1432 398 1440 425 Ι
1457 403 1531 424 cum
1545 393 1705 438 precibus

243 453 279 481 et
293 447 505 481 orationibus
520 447 694 481 consuetis
711 455 720 483 l
736 447 770 481 in
787 459 905 481 eorum
922 447 1095 481 habitibus
1112 455 1120 483 l
1136 447 1301 482 videlicet
1320 457 1328 484 l
1345 451 1590 497 superpellitiis
1604 452 1705 487 lineis

243 507 379 541 mundis
407 513 442 542 et
469 507 614 554 caputiis
638 508 756 542 rubeis
774 507 939 542 foderatis
956 516 964 543 Ι
980 520 1043 554 pro
1068 508 1245 543 animabus
1263 509 1483 544 fundatorum
1502 517 1537 545 et
1555 513 1705 547 omnium

243 567 396 602 fidelium
427 567 668 602 defunctorum
699 568 772 602 sine
804 574 886 602 nota
915 568 1142 603 celebrabunt
1172 574 1208 603 et
1238 570 1426 604 cantabunt
1448 591 1454 597 ·
1479 571 1572 605 Volo
1603 573 1703 607 etiam

244 633 356 663 statuo
375 634 410 663 et
429 628 550 663 ordino
568 629 660 675 quod
678 629 720 663 ad
747 628 881 675 pulsum
910 641 1073 675 campane
1095 637 1104 665 Ι
1124 629 1182 675 qui
1211 629 1301 663 omni
1324 630 1379 664 die
1406 631 1615 676 regulariter
1642 645 1705 679 per

243 694 352 723 totum
371 701 497 723 annum
526 689 711 736 incipietur
736 689 821 723 hora
848 695 948 723 sexta
965 689 1008 723 de
1028 701 1127 724 mane
1147 695 1182 723 et
1199 689 1284 724 hora
1308 690 1453 737 septima
1470 691 1609 726 finietur
1628 693 1704 727 vlti-

242 761 317 783 mus
343 749 416 783 eius
442 749 561 796 pulsus
578 758 586 785 l
603 762 722 784 omnes
750 755 786 784 et
812 749 940 796 singuli
963 749 1045 784 dicti
1072 749 1294 796 prebendarii
1320 763 1383 797 pro
1413 750 1595 786 Matutinis
1615 752 1705 787 dicta

242 808 327 843 hora
353 809 497 856 septima
522 809 739 844 celebrandis
766 809 800 843 in
826 809 999 844 habitibus
1027 815 1062 844 et
1089 810 1336 857 superpellitiis
1364 811 1519 846 honestis
1537 817 1575 847 vt
1602 825 1705 859 supra

243 869 454 904 conuenient
472 869 518 904 Et
536 869 569 903 in
590 869 756 904 similibus
770 870 812 904 ad
832 869 977 904 Missam
996 870 1249 905 Dominicalem
1266 871 1378 905 statim
1395 871 1500 906 finitis
1521 872 1704 908 Matutinis

243 942 318 964 cum
339 929 543 977 Antiphona
559 938 567 966 1
586 929 666 964 Aue
691 929 855 965 Gloriosa
876 936 932 965 etc
947 939 956 966 l
972 936 1050 977 post
1075 930 1167 965 illam
1194 931 1330 965 missam
1358 931 1483 966 dictam
1499 940 1508 968 l
1524 932 1572 967 Et
1590 933 1702 967 statim

240 995 320 1036 post
336 990 453 1024 horam
473 990 639 1024 decimam
658 990 701 1024 ad
721 990 840 1024 Altam
863 990 1005 1025 Missam
1060 990 1208 1025 Necnon
1228 991 1269 1025 ad
1290 991 1468 1038 Vesperas
1487 998 1522 1027 et
1543 992 1703 1039 Comple-

241 1050 367 1085 torium
394 1050 506 1084 statim
534 1056 612 1097 post
638 1050 755 1085 horam
783 1051 934 1097 quintam
963 1050 1173 1086 conuenient
1190 1059 1199 1087 Ι
1216 1058 1364 1098 excepto
1383 1053 1474 1098 quod
1493 1052 1527 1086 in
1546 1058 1702 1100 tempore

244 1110 544 1158 Quadragesimali
565 1119 574 1146 l
592 1111 752 1158 Vespere
769 1120 777 1147 l
795 1111 907 1146 statim
926 1118 1005 1159 post
1024 1112 1189 1159 Magnam
1210 1112 1354 1147 Missam
1373 1119 1409 1148 et
1428 1113 1702 1160 Completorium

240 1171 325 1205 hora
343 1177 508 1206 consueta
526 1171 569 1206 de
589 1184 667 1205 sero
686 1171 954 1206 celebrabuntur
973 1193 979 1199 -
997 1172 1085 1206 Item
1110 1172 1189 1207 volo
1208 1178 1243 1207 et
1262 1173 1383 1207 ordino
1402 1173 1494 1220 quod
1515 1180 1595 1209 ante
1617 1174 1702 1209 Mis-

242 1244 354 1266 sarum
382 1238 417 1266 et
442 1232 603 1266 horarum
629 1232 799 1279 principia
823 1232 1046 1279 prebendarii
1066 1245 1184 1267 omnes
1207 1233 1249 1267 ad
1269 1233 1449 1268 ecclesiam
1468 1235 1702 1272 conueniant!

238 1291 355 1339 ibique
385 1292 458 1326 sine
485 1292 642 1327 discursu
668 1305 842 1327 murmure
862 1299 897 1327 et
914 1293 986 1327 risu
1004 1293 1052 1327 Et
1069 1293 1198 1340 absque
1218 1294 1315 1328 vanis
1334 1300 1370 1328 et
1387 1294 1485 1341 vagis
1504 1295 1702 1341 aspectibus

242 1353 304 1387 sub
320 1353 457 1388 silentio
472 1353 506 1387 in
521 1366 605 1400 pace
622 1362 656 1388 et
671 1366 746 1388 cum
761 1353 878 1387 debita
891 1353 1063 1399 grauitate
1078 1359 1220 1388 cantent
1234 1360 1270 1388 et
1283 1366 1392 1400 vsque
1411 1354 1445 1388 in
1464 1355 1568 1389 finem
1583 1356 1701 1390 vuani-

239 1414 378 1449 miniter
392 1421 621 1462 perseuerent
636 1435 642 1441 ·
664 1414 1079 1454 HORTAMURQUE
1099 1414 1132 1448 in
1148 1415 1302 1448 Domino
1316 1415 1427 1450 Jhesu
1444 1415 1585 1450 Christo
1600 1422 1638 1450 vt
1652 1417 1700 1450 di-

239 1475 337 1510 uinas
348 1475 467 1510 laudes
479 1475 616 1522 integre
628 1481 760 1510 attente
772 1481 807 1510 et
820 1475 966 1509 honeste
979 1475 1180 1521 persoluant
1196 1483 1205 1511 Ι
1220 1481 1341 1521 gestus
1356 1475 1454 1510 leues
1466 1481 1502 1510 et
1514 1475 1701 1511 dissolutos

240 1536 378 1570 omnino
393 1536 570 1570 declinent
586 1544 594 1571 Ι
611 1535 743 1570 tractim
763 1535 912 1582 psallant
926 1535 1043 1569 debito
1059 1547 1153 1569 more
1172 1535 1311 1581 incepta
1326 1548 1392 1581 que
1413 1535 1511 1569 simul
1531 1537 1701 1571 cantanda

238 1596 367 1631 fuerint
385 1596 483 1631 simul
499 1596 703 1631 continuent
716 1596 885 1642 simulque
904 1601 1051 1642 pausent
1090 1595 1138 1630 Et
1151 1595 1208 1641 qui
1227 1595 1261 1629 in
1281 1595 1346 1629 hiis
1361 1595 1552 1630 defectuosi
1571 1596 1700 1631 fuerint

237 1657 393 1704 grauiter
405 1657 590 1704 puniantur
619 1657 710 1691 Nam
718 1662 880 1703 corrupte
889 1661 924 1691 et
933 1655 1169 1703 perfunctorie
1179 1655 1349 1690 cantando
1360 1655 1430 1690 Dei
1440 1655 1699 1703 Omnipotentis

238 1717 375 1752 debitus
401 1717 511 1752 honor
537 1730 605 1751 non
633 1722 857 1764 promouetur
879 1725 888 1753 l
909 1716 1130 1750 fundatorum
1154 1715 1302 1750 intentio
1326 1715 1538 1752 frustratur!
1559 1717 1698 1763 propria

238 1778 449 1813 conscientia
476 1777 604 1813 leditur
625 1777 958 1825 [proximorumque
985 1776 1157 1811 edificatio
1183 1775 1321 1810 minime
1349 1782 1552 1822 procuratur
1599 1777 1646 1811 Et
1670 1778 1698 1811 si

238 1839 417 1885 contingat
430 1839 578 1886 aliquem
592 1838 900 1885 prebendariorum
917 1836 1052 1871 festinis
1072 1836 1282 1882 simplicibus
1302 1848 1363 1870 seu
1381 1835 1558 1870 ferialibus
1574 1836 1696 1871 diebus

237 1900 358 1934 abesse
385 1912 448 1946 pro
470 1899 615 1945 singulis
633 1898 752 1933 officiis
769 1907 777 1934 s
794 1897 958 1932 videlicet
973 1905 982 1933 Ι
999 1896 1183 1930 Matutinis
1210 1896 1330 1930 Missis
1350 1896 1519 1942 Vesperis
1539 1902 1574 1931 et
1595 1897 1696 1932 Com-

237 1959 385 2007 pletorio
405 1968 414 1996 Ι
435 1960 521 1994 duos
546 1959 724 2006 persoluat
742 1957 902 1992 denarios
923 1965 932 1993 l
954 1957 995 1991 In
1012 1956 1205 1990 Dominicis
1224 1961 1260 1990 et
1277 1955 1374 1990 festis
1388 1956 1584 1991 celebribus
1600 1965 1609 1993 l
1625 1962 1696 1992 tres

238 2019 398 2055 denarios
418 2028 427 2056 Ι
450 2019 491 2054 In
517 2019 702 2053 maioribus
721 2031 805 2053 vero
833 2023 868 2052 et
893 2016 1139 2064 principalibus
1157 2016 1255 2050 festis
1271 2025 1280 2052 l
1297 2022 1442 2062 quatuor
1469 2029 1531 2063 pro
1550 2017 1696 2064 singulis

236 2081 330 2115 horis
348 2080 551 2127 persoluent
568 2079 728 2114 denarios
746 2099 752 2104 -
770 2078 931 2124 Voloque
951 2077 1042 2123 quod
1061 2076 1255 2110 huiusmodi
1273 2076 1399 2110 mulcta
1417 2076 1614 2111 defectuum
1632 2090 1696 2124 per

238 2140 456 2188 Prepositum
475 2145 510 2174 et
527 2140 562 2173 in
581 2139 655 2174 eius
673 2138 830 2173 absentia
846 2150 910 2184 per
927 2136 1164 2184 presidentem
1182 2142 1241 2170 aut
1258 2149 1322 2183 per
1336 2136 1484 2183 aliquem
1503 2138 1695 2184 prebenda-

236 2201 365 2235 riorum
380 2201 470 2235 dicte
487 2199 682 2246 Collegiate
698 2198 856 2233 Ecclesie
875 2210 937 2245 per
958 2196 1175 2243 Prepo'situm
1190 2202 1225 2230 et
1243 2196 1479 2243 presidentem
1498 2199 1694 2244 respectiue

238 2261 473 2308 deputandum
491 2260 672 2306 colligatur
689 2268 697 2296 1
716 2259 986 2304 Scriben'turque
1006 2256 1087 2291 dicti
1107 2256 1263 2291 defectus
1281 2257 1450 2292 dictorum
1472 2258 1694 2304 prebendari-
