1922 2764
124 503 180 539 59.

125 2219 181 2254 60.

622 202 838 238 ORDINIS
867 201 1301 239 PREDICATORUM.
1627 209 1689 240 211

234 374 507 409 Instrumentum
528 373 712 420 Cuthbertj
736 373 914 408 Crawfurd
935 373 977 408 de
1009 386 1032 407 x
1063 373 1181 408 solidis
1200 373 1303 420 annuj
1324 373 1480 408 redditus

233 468 289 533 IN
311 499 387 533 Dm
407 511 552 533 NOMINE
574 498 690 533 ΑΜΕΝ
738 498 804 533 Per
823 499 887 533 hoc
905 498 1169 534 instrumentum
1189 504 1305 545 pateat
1324 498 1416 545 quod
1439 511 1530 532 anno
1549 498 1690 533 Domini

232 563 279 593 m⁰
309 559 587 606 quingentesimo
606 559 864 606 decimoquarto
892 559 1096 594 duodecimo
1127 559 1254 594 mensis
1285 558 1370 605 Maij
1394 579 1400 585 ·
1424 559 1464 592 In
1483 559 1550 592 mei
1569 559 1691 605 notarij

230 620 359 668 publici
375 626 411 654 et
424 620 563 655 testium
578 620 872 667 infrascriptorum
892 620 1074 667 presencia
1092 620 1322 668 personaliter
1340 620 1547 655 constitutus
1566 620 1693 654 discre-

231 688 287 716 tus
298 681 352 716 vir
365 681 580 716 Cuthbertus
595 681 769 716 Craufurd
781 681 866 716 ciuis
882 681 1113 727 Glasguensis
1124 681 1180 728 pie
1193 680 1394 715 deuocionis
1406 680 1532 715 affectu
1546 689 1554 716 Ι
1568 693 1606 715 ac
1619 680 1693 714 zelo

230 742 366 777 feruide
393 742 544 777 caritatis
571 742 694 777 ductus
717 763 723 769 ·
746 742 780 776 in
800 738 934 776 laudem
956 742 1026 776 Dei
1047 742 1306 790 Omnipotentis
1325 742 1468 788 eiusque
1488 743 1694 776 intemerate

234 803 392 850 Virginis
424 803 537 838 Marie
562 803 725 838 Omnium
756 804 958 838 Sanctorum
991 809 1026 838 et
1055 803 1222 837 honorem
1254 803 1371 838 altaris
1399 802 1566 849 Corporis
1587 802 1692 849 Cristj

231 865 346 900 situati
366 865 399 899 in
420 863 579 900 Ecclesia
593 864 751 899 Fratrum
769 864 1030 899 Predicatorum
1045 864 1088 898 de
1107 864 1251 910 Glasgw
1272 885 1278 891 ·
1302 863 1345 898 ob
1360 863 1472 898 anime
1488 876 1548 897 sue
1565 868 1600 897 et
1618 875 1694 897 suo-

230 939 304 960 rum
324 932 505 973 parentum
519 938 666 960 vxorum
681 931 717 960 et
731 926 881 960 omnium
896 925 1047 960 fidelium
1063 925 1303 959 defunctorum
1319 924 1507 959 animarum
1523 924 1667 958 salutem
1686 934 1694 961 Ι

231 1000 250 1021 a
268 1000 305 1022 se
326 987 465 1034 suisque
484 986 670 1021 heredibus
689 993 724 1022 et
741 986 925 1033 assignatis
943 986 1040 1021 dedit
1058 992 1094 1021 et
1111 985 1254 1020 donauit
1266 985 1457 1020 venerabili
1476 985 1564 1032 patri
1581 985 1693 1020 Fratri

232 1048 368 1083 Thome
389 1048 549 1095 Symonis
578 1048 688 1082 Priori
715 1048 883 1082 dictorum
911 1048 1070 1082 Fratrum
1090 1046 1350 1082 Predicatorum
1372 1052 1408 1081 et
1426 1059 1487 1080 suo
1506 1047 1693 1093 conuentuj

231 1116 267 1144 et
297 1122 416 1144 eorum
447 1109 704 1144 successoribus
720 1118 729 1145 l
745 1109 864 1144 decem
897 1108 1024 1143 solidos
1055 1108 1157 1154 annuj
1190 1107 1347 1143 redditus
1377 1107 1516 1142 nomine
1544 1107 1691 1142 ecclesie

232 1177 268 1205 et
285 1170 368 1205 dicti
386 1170 502 1205 altaris
521 1171 656 1205 debitos
675 1170 739 1205 sibi
758 1170 801 1204 de
821 1170 954 1204 duobus
981 1169 1190 1204 tenementis
1209 1169 1372 1215 contigue
1391 1168 1584 1203 adinuicem
1603 1168 1693 1203 adia—

231 1233 389 1267 centibus
407 1232 441 1267 in
460 1233 552 1267 dicta
569 1232 709 1267 ciuitate
728 1232 761 1266 in
782 1231 952 1266 communi
971 1230 1027 1265 via
1044 1230 1199 1265 eiusdem
1218 1229 1385 1264 tendente
1405 1242 1424 1264 a
1441 1229 1555 1265 Cruce
1575 1229 1691 1264 Forali

231 1293 274 1328 ad
294 1293 431 1328 Portam
448 1292 665 1328 Orientalem
685 1305 729 1327 ex
747 1292 888 1327 australi
906 1297 1004 1338 parte
1020 1291 1173 1325 eiusdem
1189 1303 1265 1325 cum
1282 1291 1352 1325 suis
1370 1290 1596 1337 pertinenciis
1614 1303 1691 1338 per—

230 1354 344 1402 petuis
362 1354 487 1389 futuris
504 1353 717 1401 temporibus
748 1353 924 1387 annuatim
943 1358 978 1387 et
996 1351 1204 1386 terminatim
1232 1363 1293 1398 per
1314 1351 1469 1386 Priorem
1488 1357 1523 1386 et
1541 1363 1690 1386 conuen-

230 1422 301 1450 tum
321 1415 517 1462 monasterij
539 1415 709 1449 dictorum
727 1414 886 1449 Fratrum
908 1412 1167 1447 Predicatorum
1186 1411 1230 1446 de
1258 1411 1424 1458 predictis
1442 1411 1576 1446 duobus
1595 1418 1690 1446 tene-

230 1477 354 1512 mentis
369 1483 404 1511 et
419 1489 536 1511 eorum
553 1488 771 1510 successores
785 1474 952 1509 leuandos
966 1473 1008 1508 ad
1024 1473 1237 1508 exorandum
1257 1479 1292 1507 et
1306 1472 1551 1507 celebrandum
1570 1473 1689 1508 decem

230 1538 349 1573 missas
380 1538 424 1573 de
444 1538 601 1585 Corpore
623 1536 729 1572 Cristi
761 1536 794 1570 in
822 1535 927 1571 certis
954 1535 1082 1582 quintis
1109 1534 1205 1581 ferijs
1232 1534 1324 1568 omni
1350 1547 1441 1568 anno
1468 1547 1572 1581 super
1598 1534 1690 1569 dicto

229 1599 327 1635 altari
348 1599 514 1647 Corporis
534 1598 642 1634 Cristi
672 1610 735 1644 per
754 1597 863 1632 dictos
892 1596 1032 1630 Fratres
1060 1602 1095 1630 et
1113 1608 1231 1629 eorum
1264 1607 1482 1629 successores
1512 1595 1690 1642 perpetuis

229 1661 353 1696 futuris
371 1660 583 1708 temporibus
605 1680 612 1686 ·
637 1658 728 1694 Acta
746 1664 845 1693 erant
862 1658 928 1692 hec
946 1669 1050 1704 super
1069 1656 1149 1690 solis
1168 1655 1335 1690 dictarum
1354 1661 1522 1690 terrarum
1548 1668 1690 1702 presen-

230 1722 321 1757 tibus
364 1721 490 1756 ibidem
526 1721 676 1755 discreto
711 1719 786 1753 viro
826 1718 957 1755 Jacobo
994 1717 1262 1764 Withirspowne
1324 1716 1459 1751 Thoma
1503 1716 1689 1762 Blythman

235 1781 393 1828 Georgio
414 1781 588 1817 Craufurd
614 1786 650 1815 et
666 1780 826 1816 ,Iohanne
857 1778 1095 1813 Hammiltoun
1123 1790 1232 1824 coquo
1251 1789 1327 1811 cum
1354 1776 1503 1811 diuersis
1529 1777 1604 1811 aliis
1623 1783 1690 1811 tes-

232 1843 323 1877 tibus
346 1863 352 1869 ·
370 1842 530 1878 Johanne
550 1841 638 1875 Blak
656 1840 783 1875 clerico
805 1839 1037 1886 Glasguensis
1056 1838 1204 1873 diocesis
1223 1838 1352 1873 arcium
1372 1837 1536 1884 magistro
1556 1837 1690 1872 notario

232 1903 370 1950 publico
392 1924 398 1929 ·

234 2088 505 2122 Instrumentum
527 2085 708 2120 Michaelis
727 2084 900 2130 Flemyng
918 2082 960 2117 de
980 2082 1037 2128 viij
1059 2080 1177 2116 solidis
1195 2079 1298 2126 annuj
1319 2079 1474 2114 redditus
1497 2100 1503 2106 ·

232 2182 289 2248 IN
310 2212 386 2247 Dm
405 2223 551 2247 NOMINE
574 2209 688 2245 ΑΜΕΝ
708 2222 770 2257 per
788 2209 852 2244 hoc
878 2209 1146 2243 instrumentum
1172 2212 1290 2254 pateat
1316 2206 1408 2253 quod
1437 2219 1526 2240 anno
1546 2205 1687 2252 Dominj

232 2273 413 2309 millesimo
431 2272 709 2320 quingentesimo
728 2270 985 2317 decimoquarto
1004 2268 1060 2304 die
1079 2281 1162 2303 vero
1180 2267 1371 2315 penultimo
1390 2267 1518 2302 mensis
1539 2266 1689 2301 Nouem-
