1922 2764
260 188 306 222 26
586 185 739 220 LIBER
765 184 1013 220 ECCLESIE
1043 184 1381 219 COLLEGIATE

258 282 414 317 bendarii
440 282 540 329 primi
567 295 611 317 ex
638 282 842 317 occidentali
861 288 896 316 et
916 281 1136 329 prebendarii
1155 281 1265 327 quinti
1284 293 1328 314 ex
1347 280 1505 314 orientali
1531 281 1684 327 partibus
1700 304 1706 309 ·

261 343 410 378 Collatio
428 343 588 377 admissio
607 349 642 377 et
660 343 829 377 institutio
851 343 942 377 dicte
969 342 1146 389 prebende
1165 341 1207 375 ad
1228 340 1536 387 Arcbiepiscopum
1559 342 1708 389 Glasgu-

259 416 377 438 ensem
395 416 457 450 pro
475 410 629 450 tempore
649 403 816 450 spectabit
833 412 841 438 Ι

257 615 559 681 PREBENDA
588 645 783 681 TERCIA
810 658 871 692 per
890 658 943 679 me
962 644 1162 690 magistrum
1179 643 1345 678 Jacobum
1364 644 1505 680 fundata
1522 646 1708 682 intitulabi-

257 711 312 739 tur
328 715 337 741 Ι
355 706 537 741 Prebenda
557 708 680 741 Sancte
703 707 806 740 Anne
823 714 831 741 l
850 706 895 739 Et
916 705 1166 752 prebendarius
1185 710 1220 738 et
1238 717 1415 750 possessor
1434 705 1587 741 eiusdem
1605 708 1708 744 habe—

257 766 308 800 bit
325 779 387 812 pro
407 779 467 801 sua
485 767 734 801 sustentatione
754 766 889 800 annuali
909 778 1027 799 omnes
1046 771 1081 799 et
1100 764 1254 810 singulos
1269 764 1399 799 fruetus
1419 772 1453 800 et
1471 767 1583 802 firmas
1603 769 1707 803 totius

257 826 384 872 integri
403 827 592 862 tenementi
612 827 676 861 mei
704 832 783 861 ante
803 832 837 860 et
855 832 949 860 retro
971 825 1119 871 jacentis
1139 824 1172 858 in
1192 825 1331 860 ciuitate
1354 826 1565 872 Glasguensi
1586 829 1618 862 in
1640 829 1708 864 Via

258 886 440 921 Fullonum
472 900 515 922 ex
550 893 647 934 parte
683 886 886 921 occidentali
918 885 1071 920 eiusdem
1099 894 1107 921 l
1134 885 1224 919 inter
1260 891 1370 919 terras
1401 886 1527 921 domini
1561 887 1707 935 Georgii

259 947 459 981 Merschiall
487 960 529 982 ex
557 947 686 982 boreali
738 947 784 981 Et
810 953 919 981 terras
947 945 1064 980 Dauid
1085 945 1265 979 Wilsoune
1293 958 1336 980 ex
1363 947 1503 981 australi
1528 948 1707 994 partibus!

259 1007 424 1042 Preterea
449 1008 699 1054 prebendarius
726 1007 879 1041 eiusdem
907 1006 973 1040 erit
1000 1012 1165 1052 expertus
1195 1012 1230 1040 et
1256 1006 1411 1040 eruditus
1437 1007 1471 1040 in
1501 1020 1707 1054 organorum

257 1068 333 1102 lusu
353 1074 388 1102 et
405 1074 497 1102 tactu
516 1068 602 1102 etin
622 1068 760 1114 organis
787 1067 884 1101 ludet
911 1067 1055 1112 singulis
1082 1066 1203 1100 diebus
1231 1067 1419 1100 secundum
1446 1069 1610 1114 temporis
1638 1069 1708 1103 exi-

257 1128 408 1173 gentiam
461 1127 515 1161 Ac
538 1128 637 1173 juxta
663 1140 758 1161 vsum
782 1134 817 1161 et
838 1126 1124 1161 consuetudinem
1149 1126 1295 1161 ecclesie
1323 1128 1585 1174 metropolitane
1608 1129 1708 1164 Glas-

257 1188 398 1234 guensis
419 1197 427 1223 l
449 1188 535 1222 Item
563 1188 652 1222 idem
679 1188 930 1234 prebendarius
959 1188 1091 1222 Scolam
1113 1187 1244 1222 Cantus
1269 1187 1402 1222 tenebit
1454 1188 1500 1223 Et
1527 1189 1560 1223 in
1589 1191 1708 1225 eadem

255 1261 381 1294 pueros
399 1249 433 1282 in
452 1254 553 1283 cantu
573 1255 608 1283 et
626 1248 781 1282 discantu
800 1248 948 1282 instruet
966 1254 1001 1282 et
1019 1247 1157 1282 docebit
1201 1246 1256 1281 Ac
1274 1247 1413 1282 eosdem
1433 1248 1466 1282 in
1485 1249 1653 1294 regimine
1673 1257 1708 1285 et

256 1309 289 1342 in
317 1309 416 1343 bonis
434 1309 584 1343 moribus
603 1308 799 1343 informabit
824 1329 832 1336 ·
864 1308 1080 1342 Presentatio
1099 1307 1180 1341 dicti
1206 1307 1426 1354 prebendarii
1446 1308 1488 1342 ad
1509 1309 1654 1344 balliuos
1673 1316 1708 1345 et

257 1369 416 1403 consules
435 1369 582 1403 ciuitatis
600 1369 829 1415 Glasguensis
846 1378 854 1404 Ι
871 1368 1030 1403 admissio
1046 1380 1129 1402 vero
1144 1368 1186 1402 ad
1207 1367 1422 1414 Propositum
1438 1368 1529 1404 dicte
1549 1370 1706 1405 Ecclesie

259 1429 452 1473 Collegiate
504 1429 551 1463 Et
568 1429 601 1462 in
622 1429 695 1464 eius
714 1429 869 1464 absentia
886 1429 928 1463 ad
947 1428 1182 1475 presidentem
1200 1428 1354 1462 eiusdem
1374 1429 1543 1475 spectabit
1559 1439 1568 1465 Ι

258 1640 558 1704 PREBENDA
579 1669 800 1710 QUARTA
828 1682 890 1716 per
908 1682 962 1704 me
980 1669 1179 1716 magistrum
1198 1670 1365 1705 Jacobum
1384 1671 1616 1706 subdecanum
1630 1672 1707 1706 fun-

256 1729 334 1763 data
359 1729 588 1764 intitulabitur
605 1738 614 1766 Ι
632 1729 814 1764 Prebenda
832 1729 940 1764 Beate
967 1729 1078 1764 Marie
1098 1742 1233 1777 semper
1256 1730 1410 1777 Virginis
1427 1739 1435 1766 l
1452 1731 1499 1766 Et
1516 1732 1707 1778 prebenda-

255 1789 325 1823 rius
352 1789 506 1824 eiusdem
532 1789 672 1824 habebit
698 1790 741 1824 ad
768 1802 861 1824 suam
887 1790 1171 1825 sustentationem
1198 1803 1302 1824 vnum
1330 1797 1565 1826 tenementum
1587 1793 1708 1839 jacens

256 1849 290 1883 in
312 1849 380 1884 Via
396 1850 520 1885 Sancte
540 1850 664 1884 Teneu
680 1863 724 1884 ex
743 1856 840 1897 parte
854 1850 985 1884 boreali
1000 1850 1152 1885 eiusdem
1168 1850 1258 1885 inter
1274 1851 1467 1886 Pretorium
1487 1852 1707 1898 Glasguense

256 1922 299 1944 ex
318 1910 476 1944 orientali
493 1920 501 1946 Ι
518 1916 554 1944 et
571 1916 807 1945 tenementum
836 1910 903 1945 mei
928 1910 1120 1945 fundatoris
1148 1911 1227 1944 olim
1257 1911 1372 1945 Dauid
1402 1911 1524 1946 Pollok
1550 1925 1595 1947 ex
1622 1913 1708 1947 occi-

257 1970 386 2004 dentali
405 1970 582 2017 partibus!
601 1971 689 2005 Item
707 1971 750 2005 de
768 1976 969 2005 tenemento
987 1971 1158 2017 quondam
1175 1971 1344 2006 Johannis
1365 1971 1502 2016 Smytht
1515 1972 1654 2018 jacente
1675 1972 1708 2006 in

257 2030 326 2064 Via
344 2030 530 2064 Furcarum
550 2043 593 2065 ex
617 2036 715 2078 parte
733 2030 863 2065 boreali
882 2031 1036 2065 eiusdem
1053 2039 1061 2067 Ι
1078 2031 1168 2066 inter
1186 2037 1296 2065 terras
1317 2031 1519 2066 Archibaldi
1540 2031 1708 2066 Harbert-

257 2103 363 2124 soune
391 2103 435 2124 ex
462 2091 665 2126 occidentali
693 2097 727 2126 et
753 2097 863 2126 terras
886 2091 1055 2138 quondam
1082 2091 1250 2127 ,Iohannis
1272 2091 1389 2126 Leche
1409 2104 1500 2126 nunc
1518 2091 1708 2138 capellanie

260 2150 373 2185 Sancti
394 2150 527 2185 Thome
549 2151 726 2186 Marthiris
756 2152 790 2186 in
819 2152 899 2186 naui
926 2151 1072 2186 ecclesie
1095 2151 1325 2198 Glasguensis
1350 2164 1393 2186 ex
1421 2151 1579 2186 orientali
1605 2151 1708 2198 parti-

255 2211 332 2247 bus!
360 2211 478 2245 decem
506 2211 633 2246 solidos
659 2212 763 2246 annui
784 2212 1017 2247 feodifirmalis
1034 2221 1042 2247 l
1059 2212 1147 2246 Item
1166 2212 1209 2246 de
1228 2217 1427 2246 tenemento
1449 2211 1593 2246 Roberti
1616 2211 1707 2245 Faw-
