1922 2764
887 229 1116 265 TABULA.

387 367 594 405 Glasguensem
607 376 741 396 concessa
753 376 804 405 pro
818 368 1027 397 sustenta-sione
1042 369 1124 397 vnius
1138 369 1295 406 capellanie
1307 370 1384 407 apud
1397 370 1487 399 altare
1504 372 1592 399 Beate

390 430 482 458 Marie
498 416 626 467 Virginis
642 446 647 451 ·
663 430 713 467 (10
730 430 802 458 Maii
820 430 901 459 1454.
922 440 955 458 cz
968 437 1055 468 amoq.
1069 432 1098 459 in
1110 432 1207 459 archiv.
1232 432 1308 460 Univ.
1327 432 1435 469 Glasq.)

272 493 317 520 32.
340 492 505 520 Indenturis
518 493 630 530 betwyx
643 502 696 521 ane
711 492 869 521 honorabill
883 502 950 521 man
965 494 983 521 J
985 494 1058 522 ohne
1073 494 1189 523 seeum-t
1202 495 1251 522 the
1265 495 1328 522 first
1341 500 1454 532 provest
1466 495 1530 522 that
1540 504 1596 522 was

388 555 418 582 in
440 556 488 583 the
503 554 559 583 cite
574 555 604 583 of
624 555 733 591 Glasgu
748 564 783 583 on
798 555 846 583 the
868 560 899 583 ta
912 559 976 592 part
991 567 997 582 l
1013 556 1070 583 and
1084 555 1235 592 religiouse
1250 565 1317 584 men
1339 557 1387 584 the
1412 556 1516 584 Priour
1542 557 1599 584 and

387 621 490 645 covent
511 617 542 644 of
562 618 610 645 the
635 617 730 644 Freris
753 617 924 645 Prechouris
945 617 976 645 of
995 618 1043 646 the
1065 627 1166 655 samyn
1189 618 1245 647 cite
1266 628 1303 646 on
1324 619 1373 647 the
1396 619 1486 647 tothir
1509 624 1597 656 parts

386 679 437 716 (18
455 679 619 707 Decembris
634 679 714 707 1454.
735 689 769 707 ex
782 684 868 717 azttoy.
883 680 913 707 in
926 679 1023 707 archiv.
1046 680 1122 708 Univ.
1144 680 1250 717 G'lasy.)

273 743 316 771 33.
339 742 528 771 Confirmacio
537 747 614 770 carte
623 742 767 779 quondam
777 742 951 780 Guyllascop
958 742 1152 771 Maelachlane
1162 752 1212 780 per
1224 742 1385 771 Donaldum
1396 742 1596 771 Maclaehlane

388 805 536 834 dominum
546 805 580 833 de
594 805 748 832 Ardlawan
762 821 768 826 ·
783 805 833 842 (16
849 805 867 833 J
871 805 920 832 ulii
934 805 1013 833 1456.
1033 815 1067 833 ez
1077 811 1162 842 aatoq.
1174 805 1310 833 inarohiv.
1332 806 1407 833 Univ.
1424 805 1515 842 Glasy.
1532 805 1596 833 vide

389 876 475 904 supra
488 877 516 894 n.
533 867 572 904 9.)

274 930 318 958 34.
342 930 430 959 Carta
444 929 532 958 annui
547 929 676 957 redditus
690 939 739 957 sex
753 929 909 958 solidorum
922 934 952 957 et
965 934 1028 958 octo
1043 929 1225 958 denariorum
1240 930 1275 958 de
1296 934 1373 958 terra
1393 930 1429 958 de
1446 929 1597 967 Kylbryde

388 994 470 1022 iuxta
484 993 712 1023 Gastellachlane
734 1003 784 1031 per
811 993 972 1022 Donaldum
997 994 1196 1022 Maklamlaue
1219 993 1369 1022 dominnm
1391 993 1426 1021 de
1443 993 1596 1021 Ardlawan

390 1065 524 1085 concessa
538 1072 543 1077 ·
557 1056 608 1093 (17
623 1055 694 1084 Julii
712 1056 792 1084 1456.
811 1066 844 1083 etv
857 1061 945 1093 azctoy.
960 1057 988 1083 in
1002 1056 1102 1084 archiv.
1123 1057 1200 1084 Univ.
1218 1057 1325 1093 Glasy.)

276 1121 320 1149 35.
343 1120 583 1157 Transsumptum
607 1118 834 1146 confirmacionis
856 1123 934 1146 carte
959 1119 1103 1155 quondam
1126 1118 1300 1156 Guyllascop
1326 1117 1524 1146 Maclachlane
1548 1127 1600 1155 pei·

393 1181 554 1210 Donaldum
581 1181 778 1209 Maclachlane
801 1181 948 1209 dominum
971 1181 1006 1209 de
1028 1181 1239 1210 Castallachlan
1256 1190 1407 1208 concesse·
1424 1182 1461 1215 (A.
1477 1189 1502 1208 D.
1521 1180 1601 1208 1456.

391 1256 425 1273 ez·
437 1250 524 1282 aulos).
540 1246 569 1272 in
582 1244 678 1272 archiv.
701 1245 774 1272 Univ.
793 1244 881 1281 Glasy.
902 1244 967 1272 vide
983 1253 1068 1281 supra
1081 1254 1130 1271 nn.
1145 1244 1181 1272 33
1195 1248 1224 1271 et
1239 1244 1276 1279 9.)

277 1309 320 1336 36.
345 1308 573 1336 lustramentum
583 1306 671 1334 annui
682 1306 811 1334 redditus
820 1305 919 1334 decem
929 1305 1083 1334 solidorum
1092 1305 1127 1333 de
1137 1309 1301 1333 tenemento
1315 1305 1423 1333 Thome
1438 1304 1519 1333 Kerd
1532 1319 1537 1325 -
1548 1305 1601 1342 (20

393 1370 502 1408 Aprilis
520 1370 600 1398 1468.
620 1370 727 1397 abbrev.
742 1378 776 1397 ex
789 1368 955 1406 apoyraphis
973 1369 1049 1407 apud
1065 1368 1173 1395 Hatton.
1197 1368 1312 1396 Mouccst.
1338 1367 1443 1395 Collect.
1459 1373 1474 1395 t.
1489 1368 1519 1395 ii.
1536 1367 1569 1394 M
1572 1367 1603 1394 S.

394 1434 464 1462 Adv.
481 1434 552 1462 Bibl.
570 1433 684 1470 Edinb.)
737 1455 742 1461 .

280 1499 324 1528 37.
350 1498 576 1525 lustramentum
591 1505 675 1533 super
688 1504 783 1524 annuo
799 1495 914 1523 redditu
929 1504 977 1523 sex
991 1494 1146 1523 solidorum
1160 1498 1190 1523 et
1203 1498 1266 1523 octo
1281 1494 1464 1523 denariorum
1479 1493 1514 1521 de
1529 1497 1605 1522 tene—

393 1565 490 1588 mento
503 1559 641 1587 Willelmi
654 1559 778 1587 Jaksone
790 1558 819 1586 in
831 1559 857 1586 le
871 1558 954 1587 Freir
969 1558 1064 1595 Wynd
1080 1573 1084 1578 -
1098 1558 1149 1595 (27
1162 1558 1180 1586 J
1184 1558 1235 1585 ulii
1251 1558 1330 1587 1468.
1352 1559 1460 1586 abbrev.
1472 1567 1505 1585 ex
1515 1562 1602 1594 amoq.

394 1625 423 1652 in
436 1623 537 1652 archiv.
560 1623 637 1651 Univ.
658 1622 762 1660 Glasy.)

282 1687 327 1715 38.
351 1686 579 1714 Instrumentum
594 1694 678 1722 super
691 1684 873 1712 assedacione
888 1683 967 1721 pecie
986 1689 1061 1711 terre
1077 1692 1162 1720 prope
1179 1683 1367 1712 Cimeterium
1384 1683 1518 1710 Fratrum
1533 1697 1538 1701 ·
1555 1681 1606 1718 (24

399 1749 499 1777 Martii
517 1749 637 1778 1470-1.
658 1749 762 1776 abbrev.
777 1757 809 1775 ex
823 1753 910 1785 auloy.
925 1749 953 1775 in
966 1747 1067 1775 archiv.
1090 1747 1165 1774 Univ.
1184 1747 1287 1783 Glasy.)
1346 1767 1351 1773 .

283 1814 327 1842 39.
350 1813 578 1841 Instrumentum
599 1810 688 1839 annui
711 1810 839 1839 redditus
862 1809 988 1847 quinque
1012 1808 1167 1837 solidorum
1190 1809 1224 1836 de
1247 1812 1411 1836 tenemento
1436 1805 1548 1844 Fynlaij
1572 1806 1607 1834 de

399 1875 532 1903 Menteth
553 1873 584 1901 in
605 1873 632 1901 le
657 1873 743 1901 Frere
767 1872 880 1909 VVynde
895 1887 901 1893 ·
914 1872 966 1908 (24
982 1870 1055 1899 Maii
1080 1871 1161 1900 1471.
1181 1871 1289 1898 abbrev.
1303 1879 1336 1897 em
1349 1874 1435 1905 autoq.
1457 1869 1486 1895 in
1509 1867 1607 1895 archiv.

407 1938 484 1966 Univ.
504 1936 612 1973 Glasq.)
656 1957 662 1962 .

285 2002 330 2030 40.
354 1999 459 2028 Lettris
474 1999 504 2027 of
516 1998 681 2027 oblissment
695 1997 738 2024 for
752 2006 770 2024 a
782 2005 857 2024 mess
872 1995 978 2033 qwhilk
992 1995 1069 2024 salbe
1084 1996 1133 2023 the
1147 1994 1270 2022 secunde
1285 2003 1359 2021 mess
1374 1993 1404 2021 of
1423 1993 1471 2020 the
1486 1996 1610 2020 conuenta

400 2063 443 2091 for
464 2063 512 2090 the
532 2060 608 2089 sawll
623 2060 653 2088 of
677 2060 802 2087 Mathow
820 2058 942 2087 Stewart
954 2057 1033 2085 larde
1053 2057 1084 2085 of
1104 2055 1272 2085 Castelmilk
1293 2060 1345 2083 etc.
1360 2069 1366 2074 ·
1381 2055 1414 2089 (8
1429 2054 1446 2082 J
1450 2053 1511 2081 unii
1528 2053 1608 2083 1473.

401 2135 435 2153 ex
447 2129 536 2162 autoy.
551 2125 580 2151 in
593 2123 691 2150 archiv.
715 2122 789 2149 Urziv.
810 2121 912 2157 Glasy.)

289 2190 334 2218 41.
358 2189 586 2217 Instrumentum
615 2193 699 2222 super
720 2193 815 2212 annuo
837 2182 951 2211 redditu
974 2182 1009 2210 de
1031 2185 1194 2210 tenemento
1220 2181 1359 2209 Willelmi
1382 2180 1510 2209 Jaksoun
1533 2179 1563 2207 in
1585 2179 1611 2207 le

406 2249 479 2278 Blak
495 2247 578 2276 Freir
594 2246 690 2284 Wynd
707 2246 754 2283 ·(9
770 2246 788 2273 J
792 2245 852 2273 unii
869 2245 921 2274 147
925 2246 949 2272 3.
969 2245 1073 2272 abbrev.
1088 2254 1121 2272 ex
1134 2249 1223 2281 autoy.
1239 2245 1269 2271 in
1284 2243 1385 2272 archiv.
1410 2244 1487 2272 Univ.
1506 2242 1610 2279 Glasy.)

290 2313 335 2341 42.
360 2313 587 2340 Instrumentum
601 2307 690 2337 annui
704 2306 833 2336 redditus
848 2316 898 2335 sex
912 2306 1068 2335 solidorum
1088 2310 1118 2334 et
1131 2310 1195 2335 octo
1216 2305 1400 2335 denariorum
1420 2305 1455 2333 (le
1476 2304 1562 2333 terris
1578 2304 1612 2332 de

1665 247 1731 269 XCV

1658 331 1730 352 Pice.

1675 433 1731 462 173

1675 681 1730 710 176

1681 868 1733 897 178

1674 1055 1727 1085 179

1682 1242 1734 1271 179

1686 1431 1738 1458 180

1684 1619 1737 1646 182

1689 1744 1741 1772 183

1688 1929 1742 1957 184
