1922 2764
639 222 678 255 B.
709 221 755 256 V.
784 221 953 256 MARIE
982 222 1049 256 ET
1078 223 1112 258 S.
1144 223 1302 258 ANNE.
1636 229 1702 263 109

245 319 337 354 inter
355 324 465 354 terras
483 319 673 366 capellanie
695 319 810 354 Sancti
831 318 1039 353 Christofori
1059 332 1104 354 ex
1123 320 1283 354 orientali
1308 326 1343 355 et
1368 326 1478 355 terras
1497 321 1577 355 dieti
1597 334 1702 368 quon-

246 380 323 414 dam
351 380 496 414 Andree
521 379 702 427 Campbell
729 392 774 414 ex
801 379 1005 414 occidentali
1032 380 1186 426 partibus
1203 389 1211 416 s
1228 380 1316 415 Item
1343 381 1384 414 ad
1413 394 1515 415 vnum
1542 381 1702 415 horreum

247 447 448 487 occupatum
463 441 506 475 de
522 441 677 487 presenti
695 453 757 488 per
776 440 949 475 Dauiden]
970 440 1107 475 Lioune
1122 440 1254 475 debens
1273 441 1447 475 annuatim
1462 447 1607 487 quatuor
1626 441 1703 475 soli--

247 501 309 534 dos
340 500 443 534 annui
474 501 630 535 redditus
658 501 778 547 jacens
808 501 898 535 inter
929 507 1040 535 terras
1069 501 1235 535 Willelmi
1265 501 1385 548 Roget·
1413 514 1456 535 ex
1483 502 1640 536 orientali
1669 508 1704 536 et

247 560 387 595 Patrieii
419 561 538 595 Millar
565 573 609 595 ex
637 561 840 595 occidentali
872 561 1027 608 partibus
1045 569 1054 597 l
1071 561 1160 595 Item
1189 561 1231 595 ad
1258 567 1404 608 quatuor
1435 574 1583 607 aggeres
1610 568 1703 595 terre

243 622 400 668 jacentes
419 620 453 654 in
472 621 563 655 dicta
582 621 706 668 Longa
726 621 847 656 Crofta
873 621 964 656 inter
991 628 1101 656 terras
1120 622 1292 668 quondam
1320 621 1437 656 Dauid
1466 621 1640 655 Menteith
1660 633 1705 656 ex

247 681 405 716 orientali
424 686 460 715 et
477 687 587 715 terras
606 681 765 715 Fratrum
787 682 1046 716 Predieatorum
1065 682 1214 716 ciuitatis
1233 682 1464 728 Glasguensis
1484 695 1527 716 ex
1547 682 1704 716 occiden-

247 741 305 775 tali
324 741 478 787 partibus
494 749 503 777 l
520 741 608 776 Item
627 741 669 776 ad
684 742 854 788 quoddam
873 742 1034 777 horreum
1054 748 1255 789 occupatum
1276 743 1319 777 de
1338 743 1492 790 presenti
1515 756 1576 789 per
1597 742 1705 776 Patri-

247 802 334 836 cium
368 802 486 836 Millar
514 802 646 836 debens
677 803 851 837 annuatim
882 809 959 837 octo
989 803 1115 837 solidos
1147 803 1251 838 annui
1279 803 1434 838 redditus
1462 803 1582 850 jacens
1616 803 1705 837 inter

248 868 358 896 terras
385 862 533 896 Dauidis
562 862 697 897 Lioune
725 875 770 896 ex
797 863 955 898 orientali
984 870 1019 898 et
1045 863 1215 899 Johannis
1248 864 1400 910 Rankyn
1428 877 1472 898 ex
1500 863 1706 898 occidentali

247 922 402 969 partibus
419 931 427 959 Ι
444 923 532 957 Item
551 923 592 957 ad
612 935 716 957 vnum
743 923 905 958 horreum
933 930 1093 970 spectans
1112 924 1204 958 dicto
1221 924 1372 960 ,Iohanni
1403 924 1554 970 Rankyn
1573 924 1705 958 debens

248 983 422 1017 annuatim
450 989 527 1017 octo
558 983 685 1017 solidos
717 984 820 1017 annui
852 984 1007 1018 redditus
1035 985 1155 1030 jacens
1186 984 1277 1019 inter
1309 991 1419 1019 terras
1452 985 1533 1019 dicti
1568 984 1705 1019 Patricii

251 1043 368 1077 Millar
393 1056 437 1078 ex
461 1043 620 1078 orientali
647 1049 682 1078 et
711 1044 856 1078 Roberti
887 1045 1023 1090 Smytht
1050 1057 1095 1079 ex
1122 1045 1327 1079 occidentali
1356 1045 1508 1092 partibus
1525 1054 1534 1082 Ι
1551 1046 1639 1080 Item
1664 1045 1706 1079 ad

250 1116 353 1138 vnum
372 1116 536 1150 aggerem
556 1110 649 1139 terre
665 1105 838 1151 jacentem
858 1104 890 1138 in
907 1105 998 1140 dicta
1017 1105 1141 1152 Longa
1157 1105 1278 1140 Crofta
1296 1106 1387 1140 inter
1406 1113 1516 1140 terras
1535 1106 1706 1152 quondam

251 1163 405 1198 Eduardi
435 1164 531 1199 Scott
557 1177 601 1199 ex
628 1164 787 1199 orientali
815 1170 850 1199 et
876 1171 986 1199 terras
1007 1165 1171 1200 Willelmi
1202 1166 1298 1201 Seott
1324 1166 1367 1201 de
1396 1166 1634 1200 Bradisholme
1662 1179 1706 1201 ex

250 1224 455 1259 occidentali
472 1225 626 1272 partibus
643 1234 651 1262 l
669 1225 755 1259 Item
775 1225 817 1260 ad
837 1238 940 1259 vnum
960 1225 1126 1260 vstrinum
1147 1232 1306 1272 spectans
1327 1217 1475 1261 Patricio
1496 1226 1706 1261 Androsone

250 1285 382 1320 debens
409 1285 583 1320 annuatim
610 1285 791 1320 duodecim
820 1285 947 1320 solidos
975 1286 1078 1320 annui
1108 1286 1263 1321 redditus
1290 1287 1380 1321 inter
1408 1293 1519 1321 terras
1536 1286 1706 1322 ,Iohannis

253 1345 366 1380 WVann
390 1358 435 1380 ex
462 1345 620 1380 orientali
648 1352 684 1381 et
710 1352 820 1381 terras
842 1346 1006 1381 Willelmi
1036 1348 1132 1381 Seott
1158 1347 1201 1381 de
1229 1347 1467 1382 Bradisholme
1487 1360 1531 1382 ex
1550 1347 1707 1382 occiden-

251 1406 309 1440 tali
329 1406 482 1453 partibus
498 1415 507 1443 l
524 1406 611 1441 Item
631 1407 673 1441 ad
688 1419 789 1441 vnam
804 1406 984 1441 dimediau]
1001 1420 1111 1441 acram
1127 1414 1220 1442 terre
1236 1408 1409 1454 jacentem
1424 1408 1458 1441 in
1473 1408 1562 1442 dicta
1583 1407 1707 1454 Longa

253 1466 374 1502 Crofta
401 1467 491 1502 inter
517 1473 627 1502 terras
653 1467 823 1503 Johannis
852 1467 966 1502 Pacok
993 1480 1036 1501 ex
1064 1467 1269 1502 occidentali
1297 1474 1332 1502 et
1352 1468 1517 1502 Willelmi
1547 1468 1643 1502 Scott
1663 1468 1706 1502 de

253 1527 491 1563 Bradisholme
506 1541 550 1563 ex
569 1528 727 1563 orientali
745 1528 900 1575 partibus
917 1537 926 1564 Ι
943 1528 1029 1563 Item
1046 1529 1087 1562 ad
1105 1541 1207 1562 vnum
1225 1535 1460 1563 tenementum
1476 1534 1511 1563 et
1525 1528 1707 1563 dimediam

252 1600 363 1622 acram
390 1594 483 1623 terre
511 1595 670 1636 spectans
688 1589 840 1625 Johanni
869 1588 983 1623 Pacok
1011 1589 1143 1623 debens
1170 1590 1345 1624 annuatim
1372 1590 1515 1637 triginta
1541 1602 1603 1624 sex
1630 1589 1707 1623 soli-

252 1649 314 1684 dos
340 1649 444 1683 annui
472 1649 628 1684 redditus
652 1650 772 1696 jacens
791 1649 882 1683 inter
900 1655 1011 1683 terras
1032 1649 1197 1684 Willelmi
1228 1650 1325 1684 Scott
1343 1649 1385 1684 de
1406 1649 1643 1684 Bradisholme
1663 1662 1706 1683 ex

252 1709 411 1744 orientali
430 1717 465 1744 et
483 1716 593 1745 terras
614 1710 778 1744 Willelmi
805 1710 925 1756 Roger
944 1722 988 1744 ex
1008 1709 1213 1744 occidentali
1239 1710 1393 1757 partibus
1410 1718 1418 1745 Ι
1436 1710 1522 1744 Item
1542 1710 1583 1743 ad
1603 1722 1706 1743 vnum

252 1782 417 1816 aggerem
435 1776 528 1805 terre
544 1771 718 1817 jacentem
736 1770 770 1804 in
790 1770 834 1804 lie
855 1770 1004 1816 Palyard
1020 1770 1120 1805 Croft
1138 1770 1228 1804 inter
1247 1776 1356 1804 terras
1377 1770 1509 1804 Mathei
1527 1769 1706 1816 Campbell

253 1842 297 1864 ex
324 1830 482 1865 orientali
509 1837 544 1865 et
576 1831 758 1866 Elizabeth
789 1830 916 1864 Erskin
945 1843 988 1864 ex
1020 1830 1225 1864 occidentali
1255 1830 1409 1876 partibus
1427 1837 1436 1865 Ι
1451 1829 1538 1863 Item
1566 1829 1608 1863 ad
1634 1835 1705 1864 tres

251 1903 400 1937 aggeres
418 1897 512 1926 terre
527 1892 685 1938 jacentes
703 1891 866 1937 contigue
890 1891 923 1924 in
943 1891 987 1925 lie
1008 1890 1231 1924 Brvmelawis
1251 1890 1341 1924 inter
1360 1896 1469 1924 terras
1488 1890 1705 1924 reuerendis-

252 1951 326 1985 simi
345 1952 473 1986 domini
493 1952 758 1999 Archiepiscopi
777 1951 1007 1997 Glasguensis
1023 1963 1067 1984 ex
1082 1950 1240 1984 orientali
1255 1956 1290 1984 et
1304 1949 1431 1983 domini
1451 1949 1594 1983 Martini
1614 1950 1706 1984 Reid

252 2024 295 2045 ex
314 2012 519 2047 occidentali
537 2013 691 2059 partibus
708 2021 716 2048 l
734 2012 822 2046 Item
841 2011 882 2045 ad
902 2016 972 2045 tres
991 2010 1075 2044 alios
1094 2022 1242 2056 aggeres
1261 2016 1354 2044 terre
1377 2010 1533 2056 jacentes
1557 2010 1591 2043 in
1620 2010 1705 2044 Brv-

250 2072 370 2106 melaw
388 2073 479 2107 inter
494 2079 604 2108 terras
622 2072 776 2119 magistri
794 2071 979 2106 Cuthberti
1000 2071 1192 2116 Symsoune
1213 2082 1256 2104 ex
1276 2070 1433 2104 orientali
1452 2077 1487 2104 et
1503 2070 1706 2105 Archibaldi

252 2131 450 2168 Blakburne
479 2146 522 2168 ex
545 2132 749 2168 occidentali
776 2131 930 2178 partibus
947 2139 955 2166 l
972 2131 1060 2164 Item
1088 2130 1129 2164 ad
1157 2143 1257 2164 vnam
1284 2130 1383 2164 aliam
1409 2143 1567 2177 magnam
1593 2143 1705 2165 acram

251 2198 343 2228 terre
366 2194 540 2240 jacentem
566 2195 601 2228 in
630 2192 822 2228 Brvmelaw
841 2191 931 2225 inter
949 2197 1060 2225 terras
1087 2191 1277 2237 capellanie
1299 2191 1414 2226 Sancti
1436 2191 1642 2226 Christofori
1661 2204 1705 2226 ex

251 2253 410 2288 orientali
428 2260 464 2289 et
482 2261 591 2290 terras
610 2254 770 2288 Fratrum
791 2251 1049 2286 Predicatorum
1069 2251 1218 2285 ciuitatis
1237 2251 1467 2298 Glasguensis
1486 2264 1529 2286 ex
1549 2252 1705 2286 occiden-
