1922 2764
61 1317 170 1352 xxiiii.

666 221 841 257 CARTE
873 221 1262 258 GLASGUENSES.
1624 230 1689 262 251

232 343 279 365 ex
297 337 394 377 parte
413 330 534 365 boriali
554 337 589 365 et
610 338 736 365 terram
757 331 892 366 Thome
911 331 1128 367 Lescheman
1157 345 1201 367 ex
1220 340 1318 380 parte
1338 334 1478 368 australi
1496 343 1505 370 l
1521 348 1583 382 pro
1603 342 1694 370 octo-

230 391 328 438 ginta
346 391 468 426 marcis
487 392 614 426 vsualis
632 398 771 427 monete
786 393 886 439 regni
904 393 1024 428 Scocie
1047 414 1053 420 ·
1078 394 1170 429 Acta
1187 394 1329 429 fuerunt
1343 395 1407 429 hec
1426 395 1459 429 in
1476 395 1568 430 dicto
1583 396 1694 443 burgo

233 450 446 499 Glasguensi
464 453 685 499 presentibus
700 453 958 501 circumspectis
973 461 1008 489 et
1026 454 1185 495 discretis
1201 455 1283 490 viris
1303 456 1441 490 domino
1462 456 1635 491 Macolmo
1650 457 1693 492 de

234 513 370 560 Hawyk
388 520 524 548 rectore
540 513 583 548 de
602 513 770 549 Yhetame
806 514 953 549 dominis
971 515 1122 550 Ricardo
1140 515 1305 551 Gardner
1346 516 1507 552 Johanne
1524 517 1693 564 Lyndsay

228 574 390 610 Johanne
407 574 615 610 Ottirburne
630 574 835 622 presbiteris
855 582 890 610 et
910 575 1085 611 Willelmo
1106 576 1196 611 Rate
1242 577 1391 612 Patricio
1413 577 1692 613 Gibbounsoune

231 635 377 671 Andrea
390 636 553 671 Webstar
578 636 601 673 J
604 636 739 671 ohanne
753 637 796 671 de
809 637 903 672 Aula
917 638 1148 685 burgensibus
1159 639 1241 674 dicti
1255 639 1357 685 burgi
1385 639 1524 674 domino
1541 640 1693 675 Ricardo

229 696 330 744 Cady
348 697 544 744 presbitero
574 704 610 733 et
641 697 801 733 Henrico
832 697 1017 734 Michaelis
1048 699 1192 747 notarijs
1221 700 1369 747 publicis
1387 713 1464 735 cum
1482 701 1598 736 inultis
1617 702 1692 748 alijs

227 758 374 793 testibus
402 779 408 785 ·
438 758 504 794 Cui
536 758 639 794 etiam
669 759 900 794 instrumento
935 760 1060 806 prefati
1090 760 1270 796 Johannes
1303 760 1416 796 Rosse
1449 768 1484 796 et
1513 761 1692 798 Johannes

228 818 271 853 de
291 818 423 854 Dunne
457 832 517 866 pro
548 820 676 855 maiore
696 820 882 854 securitate
902 827 937 855 et
965 821 1147 856 euidencia
1179 821 1292 868 sigilla
1322 829 1560 869 apposuerunt
1578 836 1691 858 coram

227 880 374 915 testibus
394 880 599 927 supradictis
622 901 628 907 -
650 881 811 917 Johanne
838 881 881 915 de
910 881 1047 927 Hawyk
1074 882 1270 929 presbitero
1292 883 1525 930 Glasguensis
1544 884 1691 919 diocesis

226 941 360 976 notario
378 941 516 989 publico
539 963 545 967 -

226 1126 498 1161 Instrumentum
518 1127 755 1174 inquisicionis
783 1139 886 1174 super
905 1139 981 1161 acra
1013 1135 1107 1161 terre
1126 1127 1328 1174 campestris
1360 1128 1393 1162 in
1414 1127 1445 1162 le
1467 1128 1623 1176 Crowpis
1656 1136 1690 1164 et

224 1193 427 1222 tenemento
445 1188 480 1221 in
500 1187 592 1222 Vico
613 1187 773 1222 Ratoune

222 1280 279 1348 In
300 1312 370 1348 Dei
390 1314 529 1348 nomine
550 1314 665 1349 Amen
685 1327 747 1361 per
766 1315 829 1348 hoc
849 1315 1113 1348 instrumentum
1142 1320 1259 1361 pateat
1283 1314 1373 1360 quod
1401 1327 1491 1349 anno
1510 1315 1553 1349 ab
1580 1315 1688 1350 incar-

222 1374 367 1409 nacione
400 1374 553 1409 eiusdem
586 1374 766 1409 millesimo
798 1380 924 1410 occc¹¹¹⁰
955 1375 1219 1422 quadragesimo
1247 1396 1252 1401 -
1275 1375 1403 1410 mensis
1437 1376 1601 1411 Octobris
1632 1377 1688 1411 die

222 1435 309 1469 xxix
330 1456 336 1462 ·
362 1435 403 1470 In
421 1435 489 1470 mei
505 1436 627 1483 notarij
661 1436 788 1483 publici
817 1442 852 1470 et
878 1436 1015 1470 testium
1046 1436 1317 1483 subscriptorum
1344 1437 1525 1483 presencia
1544 1451 1687 1473 venera-

220 1497 308 1531 biles
327 1497 391 1531 viri
411 1497 575 1544 magister
594 1497 712 1532 Dauid
739 1497 782 1532 de
803 1497 958 1544 Cadyow
976 1504 1162 1545 precentor
1181 1498 1291 1533 vicem
1312 1511 1442 1546 gerens
1462 1499 1597 1547 Decanj
1623 1521 1628 1526 ·
1652 1507 1687 1535 et

222 1557 421 1605 Capitulum
439 1558 587 1593 ecclesie
610 1558 842 1606 Glasguensis
865 1580 871 1585 ·
895 1559 928 1593 in
948 1571 1051 1594 causa
1068 1566 1159 1594 mota
1178 1559 1270 1594 inter
1285 1560 1432 1595 vicarios
1452 1560 1687 1596 ministrantes

219 1620 253 1653 in
273 1619 379 1654 choro
401 1619 614 1666 Glasguensi
637 1641 643 1647 ·
667 1626 702 1655 et
719 1620 869 1655 heredes
889 1620 1025 1655 Thome
1046 1620 1122 1655 Raa
1143 1641 1149 1646 -
1173 1621 1354 1655 occasione
1373 1621 1474 1656 vnius
1493 1634 1572 1656 acre
1591 1629 1685 1657 terre

219 1680 422 1727 campestris
442 1681 586 1716 iacentis
617 1681 650 1715 in
680 1681 711 1716 le
733 1681 889 1728 Crowpis
921 1693 1029 1728 prope
1049 1681 1164 1716 villam
1196 1682 1239 1716 de
1262 1682 1406 1729 Glasgw
1429 1703 1434 1708 ·
1458 1683 1685 1730 inquisicione

219 1748 319 1788 capta
335 1755 398 1789 per
417 1742 501 1776 istos
520 1742 715 1789 fidedignos
734 1742 947 1789 subscriptos
966 1742 1110 1777 clericos
1130 1749 1165 1777 et
1189 1742 1294 1778 laicos
1313 1744 1478 1778 videlicet
1499 1765 1505 1770 ·
1529 1744 1685 1779 dominos

221 1802 389 1837 Thomam
422 1803 511 1838 Wan
543 1804 745 1838 canonicum
778 1804 869 1838 dicte
901 1803 1049 1839 ecclesie
1071 1803 1303 1851 Glasguensis
1326 1825 1332 1831 ι
1358 1805 1565 1840 Nicholaum
1595 1806 1683 1841 Wan

218 1864 432 1910 presbiteros
454 1885 460 1890 ·
486 1864 698 1899 Willelmum
716 1864 831 1899 Sleich
854 1886 859 1891 ·
885 1864 1071 1900 Patricium
1087 1865 1195 1900 Clerk
1211 1873 1246 1901 et
1262 1866 1446 1901 Patricium
1463 1865 1587 1901 Glufar
1605 1867 1684 1902 bur-

218 1937 346 1971 genses
362 1931 396 1960 et
411 1925 506 1960 ciues
520 1925 611 1960 dicte
631 1925 780 1960 ciuitatis
799 1931 835 1960 et
852 1926 955 1973 burgi
973 1926 1017 1961 de
1039 1926 1182 1973 Glasgw
1205 1948 1211 1953 ·
1234 1939 1310 1962 cum
1330 1934 1542 1975 compertum
1562 1927 1685 1964 fuisset

217 1998 280 2033 per
300 1986 425 2021 dictam
443 1987 706 2034 inquisicionem
729 2007 734 2013 ·
758 1993 794 2022 et
812 1987 919 2022 eciam
948 2000 1011 2034 per
1030 1987 1158 2035 scripta
1183 1989 1358 2024 autentica
1377 1990 1468 2036 quod
1496 1990 1587 2025 dicta
1605 2003 1684 2026 acra

218 2060 285 2082 vna
303 2060 378 2082 cum
398 2047 544 2094 quodam
564 2053 765 2083 tenemento
779 2048 919 2095 jacente
938 2048 973 2082 in
989 2048 1080 2084 Vico
1099 2048 1262 2084 Ratoune
1281 2050 1373 2085 dicte
1388 2050 1538 2086 ciuitatis
1561 2083 1566 2088 .
1590 2053 1681 2099 quod

217 2114 455 2142 tenementum
474 2114 548 2143 erat
573 2109 745 2156 quondam
773 2109 908 2144 Thome
937 2109 1012 2144 Raa
1038 2109 1194 2145 defuncti
1216 2132 1222 2137 ·
1245 2111 1454 2147 coniunctim
1483 2119 1518 2148 et
1544 2113 1681 2148 diuisim

216 2169 281 2203 fuit
299 2176 335 2204 et
353 2175 406 2204 est
425 2169 577 2216 obligata
595 2169 686 2204 dicte
707 2169 854 2204 ecclesie
877 2169 1091 2217 Glasguensi
1113 2192 1120 2198 ·
1143 2177 1178 2206 et
1196 2172 1333 2219 vicarijs
1352 2173 1627 2209 ministrantibus
1646 2175 1679 2210 in

216 2230 337 2265 eadem
359 2253 365 2259 ·
387 2243 450 2278 pro
469 2230 609 2265 dimidia
629 2243 742 2265 marca
773 2231 875 2277 annuj
908 2231 1066 2266 redditus
1088 2253 1094 2258 ·
1119 2232 1193 2279 ipse
1214 2233 1406 2268 Precentor
1425 2240 1461 2269 et
1480 2234 1678 2282 Capitulum

215 2291 408 2338 predictum
427 2291 694 2326 declarauerunt
720 2292 844 2327 dictam
864 2305 975 2327 acram
996 2305 1071 2328 cum
1091 2293 1183 2328 dicto
1210 2301 1412 2330 tenemento
1431 2302 1469 2330 ut
1487 2296 1678 2343 predicitur
