1922 2764
267 274 312 308 62
593 271 747 307 LIBER
774 272 1021 308 ECCLESIE
1051 273 1390 309 COLLEGIATE

265 369 392 404 vicarie
407 375 575 416 perpetue
591 370 763 404 annuatim
781 378 789 406 l
807 376 927 405 tenore
942 371 1154 417 presentium
1172 379 1180 407 l
1197 371 1328 405 duabus
1343 371 1529 417 prebendis
1549 371 1622 406 siue
1637 371 1719 406 duo-

264 430 327 464 bus
355 430 594 476 prebendariis
618 443 679 465 seu
703 430 876 465 canonicis
900 431 933 465 in
961 431 1052 466 dicta
1080 431 1238 465 Ecclesia
1264 430 1459 477 Collegiata
1483 431 1659 478 erigendis
1686 439 1722 467 et

262 489 447 525 fundandis
464 499 472 526 l
489 490 593 525 certis
610 490 871 525 rationabilibus
890 491 1000 525 causis
1026 490 1249 525 suadentibus
1268 503 1344 525 cum
1364 503 1530 537 expresso
1549 504 1720 527 consensu

264 556 299 584 et
317 562 459 585 assensu
478 550 691 585 dominarum
718 550 881 598 priorisse
901 557 936 585 et
954 557 1146 586 conuentus
1165 551 1208 585 de
1234 550 1475 586 Northbervik
1500 565 1539 587 ac
1565 553 1720 600 magistri

261 610 384 646 Jacobi
404 611 587 646 Kennedie
602 611 720 645 vicarii
737 611 970 658 predictorum
986 623 1099 645 coram
1118 610 1217 645 nobis
1233 616 1270 645 vt
1284 611 1494 658 premittitur
1512 612 1719 648 litteratorie

263 683 380 705 eorum
407 672 469 706 sub
489 672 610 718 sigillis
630 678 665 706 et
683 671 897 705 manualibus
925 671 1234 718 subscriptionibus
1259 671 1358 706 factis
1377 678 1413 707 et
1431 672 1587 719 prestitis
1603 682 1612 710 Ι
1628 674 1717 708 ordi-

260 732 356 766 naria
383 738 500 766 nostra
526 732 729 766 auctoritate
757 731 813 765 Ac
839 731 996 765 omnibus
1022 731 1221 766 melioribus
1247 732 1349 766 modo
1375 732 1431 766 via
1450 732 1559 767 forma
1580 733 1659 779 jure
1684 740 1720 768 et

261 804 363 826 causa
380 792 503 839 quibus
521 792 643 826 melius
662 798 697 826 et
715 791 884 826 efficacius
902 804 1083 838 possumus
1099 798 1133 826 et
1147 792 1313 826 debemus
1330 801 1338 828 Ι
1354 792 1489 827 vnimus
1504 793 1718 828 annectimus

260 858 295 886 et
314 852 570 900 incorporamus
589 852 797 898 Nomenque
816 852 934 886 vicarii
952 852 996 887 de
1015 858 1133 887 cetero
1161 852 1402 899 supprimimus
1429 853 1484 888 Ac
1502 854 1609 900 ipsam
1627 866 1719 889 nunc

260 912 374 947 Marie
394 919 429 947 et
448 913 553 947 Anne
573 913 758 947 Beatarum
773 912 964 947 dedicatam
980 912 1160 947 ecclesiam
1179 913 1213 947 in
1231 913 1460 959 Collegiatam
1475 913 1667 949 Ecclesiam
1682 921 1719 949 vt

260 985 362 1019 supra
375 973 593 1008 sublimamus
605 973 753 1008 Necnon
763 973 923 1008 vicariam
936 973 1189 1020 pensionariam
1202 973 1410 1008 antedictam
1421 974 1565 1008 liberam
1574 987 1618 1009 ex
1628 975 1719 1010 frue-

257 1032 348 1067 tibus
363 1034 530 1068 dictarum
545 1034 687 1068 duarum
705 1034 960 1081 prebendarum
979 1033 1244 1068 dimembramus
1260 1040 1296 1068 et
1309 1034 1568 1069 dimembratam
1584 1041 1717 1070 extrac-

257 1099 324 1127 tam
339 1100 373 1128 et
385 1095 603 1129 constitutam
616 1107 678 1141 pro
691 1094 877 1128 animarum
892 1107 972 1129 cura
985 1094 1164 1129 subeunda
1177 1094 1355 1141 perpetuis
1366 1094 1491 1129 suturis
1503 1096 1716 1142 temporibus

258 1153 291 1187 in
307 1154 398 1188 dicta
412 1154 615 1201 parrochiali
631 1154 778 1189 ecclesia
790 1155 832 1189 de
848 1155 1019 1201 Mayboill
1034 1167 1189 1190 creamus
1204 1155 1369 1201 erigimus
1384 1161 1419 1190 et
1433 1155 1690 1202 incorporamus
1707 1165 1716 1193 l

257 1215 553 1262 approbamusque
568 1215 785 1250 ratifficamus
800 1222 836 1250 et
853 1215 971 1250 harum
992 1215 1082 1250 serie
1101 1228 1163 1262 pro
1181 1222 1351 1263 perpetuo
1366 1217 1605 1251 confirmamus
1621 1225 1630 1252 l
1647 1229 1715 1251 om-

257 1287 387 1321 nesque
407 1282 442 1310 et
460 1275 615 1322 singulos
635 1276 723 1322 juris
743 1282 778 1311 et
794 1276 874 1311 facti
893 1276 1050 1311 defectus
1069 1276 1096 1310 si
1115 1276 1171 1323 qui
1190 1276 1306 1310 forsan
1325 1276 1580 1311 interuenerint
1598 1276 1632 1310 in
1652 1276 1716 1311 eis-

258 1335 335 1370 dem
354 1336 488 1382 prefata
505 1337 710 1371 auctoritate
728 1336 926 1383 supplemus
944 1345 951 1372 Ι
971 1336 1081 1371 Saluis
1096 1343 1211 1371 tamen
1226 1342 1262 1371 et
1279 1336 1466 1371 reseruatis
1480 1336 1579 1371 nobis
1594 1342 1630 1371 et
1643 1349 1717 1371 suc-

255 1397 449 1431 cessoribus
476 1398 603 1432 nostris
629 1398 828 1432 obedientia
849 1397 1090 1444 jurisdictione
1110 1397 1307 1432 visitatione
1329 1397 1545 1432 correctione
1564 1397 1715 1432 dominio

255 1464 426 1503 potestate
453 1458 704 1504 preeminentia
731 1464 766 1493 et
792 1458 971 1505 punitione
999 1457 1164 1492 canonica
1195 1456 1251 1492 Ac
1279 1457 1435 1492 omnibus
1462 1457 1598 1503 juribus
1625 1457 1714 1492 ordi-

255 1517 359 1551 nariis
378 1524 413 1552 et
432 1518 714 1552 extraordinariis
735 1518 1099 1565 Archiepiscopalibus
1114 1523 1149 1552 et
1167 1517 1241 1552 aliis
1257 1518 1300 1552 de
1317 1518 1394 1564 jure
1414 1523 1449 1552 et
1463 1518 1714 1552 consuetudine

256 1584 335 1612 ante
361 1578 532 1612 huismodi
560 1578 827 1613 annexationem
848 1579 1008 1613 vnionem
1035 1584 1070 1613 et
1095 1578 1409 1625 incorporationem
1436 1578 1562 1613 debitis
1581 1584 1616 1612 et
1634 1590 1713 1612 con-

255 1638 362 1672 suetis
389 1659 394 1664 ·
425 1638 481 1672 IN
522 1638 751 1679 QUORUM
788 1639 938 1673 omnium
969 1645 1004 1674 et
1035 1639 1248 1685 singulorum
1278 1639 1380 1673 fidem
1412 1645 1448 1673 et
1479 1638 1711 1673 testimonium

254 1698 498 1745 premissorum
516 1705 698 1746 presentes
722 1699 856 1734 litteras
883 1699 956 1734 siue
983 1699 1048 1734 hoc
1074 1711 1220 1746 presens
1246 1699 1420 1746 publicum
1447 1699 1711 1734 instrumentum

254 1759 446 1793 huiusmodi
477 1765 611 1794 nostras
638 1759 799 1794 vnionem
826 1759 1140 1806 incorporationem
1164 1759 1483 1794 dimembrationem
1509 1766 1545 1794 et
1569 1760 1711 1794 creatio-

253 1831 331 1853 nem
350 1832 389 1854 ac
407 1819 472 1854 alia
492 1820 660 1866 premissa
677 1820 711 1854 in
734 1832 771 1854 se
790 1820 1010 1855 continentes
1037 1820 1110 1855 siue
1135 1821 1317 1855 continens
1344 1820 1472 1855 exinde
1491 1820 1566 1855 fieri
1585 1820 1632 1855 Et
1648 1833 1711 1867 per

253 1880 404 1914 notarios
422 1880 577 1926 publicos
597 1881 809 1928 subscriptos
830 1881 998 1916 subscribi
1017 1887 1052 1916 et
1078 1881 1245 1928 publicari
1272 1881 1507 1915 mandauimus
1530 1881 1710 1928 sigillique

252 1940 360 1974 nostri
379 1941 516 1975 rotundi
536 1953 680 1976 vnacum
699 1942 910 1989 appensione
939 1942 1043 1989 sigilli
1062 1942 1250 1976 communis
1272 1941 1354 1976 dicti
1373 1941 1513 1988 capituli
1539 1941 1649 1976 nostri
1676 1942 1710 1975 in

253 2001 386 2046 signum
407 2002 564 2048 expressi
583 2014 772 2037 consensus
792 2008 826 2037 et
846 2015 1006 2037 assensus
1025 2002 1172 2049 predicti
1187 2002 1351 2049 jussimus
1370 2008 1406 2037 et
1422 2002 1565 2037 fecimus
1584 2014 1711 2049 appen-

252 2060 347 2095 sione
367 2062 567 2096 communiri
590 2083 596 2089 ι
620 2063 750 2098 Datum
770 2070 805 2098 et
823 2070 936 2098 actum
954 2063 989 2097 in
1009 2063 1159 2110 capitulo
1178 2069 1297 2098 nostro
1319 2062 1533 2109 Glasguensi
1552 2063 1607 2097 die
1629 2063 1710 2098 Sab-

251 2121 319 2155 bati
346 2122 450 2156 tertio
476 2123 572 2158 Junii
603 2136 693 2158 anno
724 2124 866 2158 Domini
898 2124 1079 2159 millesimo
1110 2124 1388 2171 quingentesimo
1419 2123 1709 2170 Quadragesimo-

251 2181 403 2215 secundo
428 2191 437 2217 l
464 2183 657 2218 Indictione
689 2184 941 2231 decimaquinta
967 2193 977 2221 Ι
1004 2184 1227 2219 Pontificatus
1262 2184 1467 2219 sanctissimi
1502 2184 1535 2218 in
1567 2183 1707 2219 Christo

249 2241 355 2287 patris
374 2248 409 2276 et
426 2242 553 2276 domini
580 2244 689 2278 nostri
717 2244 860 2279 Domini
890 2244 987 2279 Pauli
1005 2245 1122 2279 diuina
1148 2245 1367 2292 prouidentia
1386 2244 1479 2292 Pape
1498 2244 1591 2279 tertii
1618 2256 1707 2278 anno

251 2306 372 2335 octauo
388 2322 393 2328 ·
417 2301 641 2338 presentibus
659 2304 786 2339 ibidem
809 2304 967 2351 Georgio
995 2304 1128 2340 Lokert
1147 2305 1278 2340 decano
1295 2314 1303 2341 l
1318 2305 1478 2341 Johanne
1499 2304 1707 2350 Bellantyne
