1922 2764
236 295 300 330 174
653 285 983 323 MUNIMENTA
1010 283 1269 319 FRATRUM

228 399 396 435 Johannis
416 398 458 431 de
483 397 617 443 Hawyk
637 409 678 431 eo
698 403 854 443 tempore
873 394 991 429 balliui
1010 394 1111 439 burgi
1130 399 1166 427 et
1180 392 1329 427 ciuitatis
1348 391 1391 425 de
1411 390 1547 437 Glasgu
1567 396 1690 424 statum

231 458 476 493 hereditarium
495 457 677 492 duodecim
697 469 885 491 marcarum
905 468 967 502 per
1001 454 1154 488 Priorem
1175 453 1296 487 domus
1315 452 1473 486 Fratrum
1495 451 1691 485 Predicato-

230 533 304 554 rum
323 520 365 554 de
389 519 524 564 Glasgu
555 518 611 564 qui
644 530 706 564 pro
737 524 893 563 tempore
925 515 1030 549 fuerit
1056 513 1280 548 leuandarum
1308 513 1350 547 de
1371 512 1517 546 diuersis
1536 511 1639 546 terris
1658 518 1693 545 et

230 580 438 616 tenementis
461 601 467 607 ·
487 579 683 626 jacentibus
696 578 785 612 infra
795 578 920 611 dictam
933 576 1108 611 ciuitatem
1120 574 1378 621 Glasguensem
1402 595 1407 600 ·
1424 573 1589 607 videlicet
1611 593 1616 598 -
1634 572 1692 607 De

230 648 305 676 orto
319 640 488 677 Johannis
510 639 616 686 Hyne
632 639 771 685 jacente
786 638 819 672 in
840 637 872 672 le
893 636 1040 671 Muthall
1057 636 1158 670 Croft
1172 635 1263 670 inter
1278 641 1405 669 terram
1418 647 1517 680 quam
1534 646 1625 668 nunc
1644 634 1693 667 in-

230 702 361 737 habitat
377 701 556 737 Johannes
575 700 618 734 de
639 699 787 734 Camera
805 710 850 732 ex
868 703 965 744 parte
985 696 1192 732 occidentali
1211 702 1246 730 et
1265 702 1375 730 ortum
1398 695 1492 730 Petri
1512 695 1554 729 de
1572 695 1693 729 Pollok

232 776 275 797 ex
295 769 391 810 parte
411 761 572 796 orientali
592 767 669 795 octo
689 759 816 794 solidos
835 758 934 806 primi
962 758 1066 792 annui
1094 757 1251 792 redditus
1273 777 1278 782 ·
1303 756 1392 791 Item
1420 756 1462 791 de
1495 756 1587 790 dicto
1618 763 1693 790 orto

234 824 328 858 Petri
362 823 405 857 de
440 822 561 857 Pollok
593 829 738 868 quatuor
770 820 897 854 solidos
920 839 925 845 -
959 819 1047 854 Item
1079 818 1122 852 de
1155 824 1354 852 tenemento
1384 817 1554 853 Johannis
1589 817 1694 863 Hyne

231 885 368 931 jacente
389 896 433 918 ex
451 890 548 930 parte
568 881 708 916 australi
728 880 809 915 Vici
830 880 938 915 Beate
958 879 1090 914 Tenaw
1110 879 1201 913 inter
1220 885 1346 913 terram
1366 877 1531 912 heredum
1549 877 1694 912 Andree

234 946 277 980 de
308 944 512 991 Llangsyde
531 955 575 978 ex
607 949 705 990 parte
725 941 885 976 orientali
904 947 939 975 et
965 947 1092 975 terram
1121 939 1269 974 Dauidis
1291 939 1397 985 Hyne
1417 951 1462 973 ex
1492 946 1590 986 parte
1609 939 1695 973 occi-

234 1006 362 1040 dentali
383 1010 515 1051 septem
534 1003 662 1038 solidos
678 1009 713 1037 et
728 1009 805 1037 octo
825 1002 986 1036 denarios
1008 1023 1013 1028 ·
1037 1002 1125 1036 Item
1145 1001 1187 1035 de
1207 1001 1299 1035 dicto
1318 1006 1518 1034 tenemento
1538 1000 1697 1046 Dauidys

235 1067 343 1112 Hyne
362 1067 481 1100 decem
502 1065 629 1099 solidos
652 1085 657 1090 ·
682 1064 770 1098 Item
789 1063 832 1097 de
852 1070 1053 1098 tenemento
1073 1062 1243 1109 quondam
1258 1061 1427 1098 Johannis
1448 1061 1541 1096 Rose
1557 1062 1696 1108 jacente

233 1129 324 1163 inter
343 1127 535 1173 predictum
563 1131 799 1160 tenementum
829 1124 988 1171 Dauidys
1019 1124 1126 1170 Hyne
1151 1136 1195 1158 ex
1222 1130 1320 1170 parte
1340 1123 1499 1158 orientali
1517 1130 1553 1158 et
1570 1130 1696 1158 terram

233 1201 332 1235 quarn
353 1200 443 1222 nunc
462 1186 630 1221 inhabitat
647 1186 826 1221 Johannes
845 1186 888 1220 de
910 1185 1058 1220 Camera
1076 1185 1161 1219 duos
1177 1184 1304 1219 solidos
1323 1191 1358 1219 et
1373 1191 1518 1231 quatuor
1536 1185 1696 1219 denarios

234 1249 332 1296 primi
352 1249 455 1283 annui
474 1247 631 1282 redditus
653 1268 659 1273 ·
683 1247 773 1281 Item
791 1247 833 1281 de
853 1259 921 1280 vno
940 1253 1015 1280 orto
1043 1246 1116 1280 siue
1145 1246 1258 1280 ortulo
1285 1258 1385 1292 quem
1414 1257 1504 1279 nunc
1532 1245 1698 1280 inhabitat

239 1310 445 1356 Wyllelmus
466 1308 602 1354 Oglach
617 1308 756 1355 jacente
780 1319 824 1342 ex
842 1313 940 1353 parte
961 1306 1101 1341 australi
1120 1306 1202 1341 dicti
1221 1306 1288 1340 vici
1306 1306 1396 1340 inter
1416 1312 1541 1340 terram
1563 1305 1697 1340 Thome

237 1373 344 1418 Spere
376 1383 421 1405 ex
447 1376 544 1416 parte
565 1368 724 1403 orientali
752 1374 787 1403 et
813 1375 939 1402 terram
970 1367 1097 1402 domini
1126 1366 1275 1401 Abbatis
1304 1366 1347 1401 de
1375 1365 1510 1401 Melros
1529 1379 1573 1401 ex
1601 1373 1697 1413 parte

236 1431 442 1466 occidentali
473 1430 655 1464 duodecim
686 1429 847 1464 denarios
869 1449 875 1454 ·
899 1429 987 1463 Item
1019 1428 1061 1462 de
1090 1440 1157 1462 vna
1188 1428 1271 1462 roda
1302 1427 1376 1462 siue
1407 1428 1574 1474 perticata
1605 1434 1697 1462 terre

234 1493 372 1538 jacente
393 1505 437 1526 ex
456 1497 553 1538 parte
574 1489 694 1525 boriali
713 1490 795 1524 dicti
816 1489 881 1524 vici
910 1489 1001 1523 inter
1029 1495 1155 1523 terram
1183 1487 1307 1523 Jacobi
1329 1487 1497 1522 Hwntare
1527 1501 1571 1523 ex
1602 1495 1698 1535 parte

236 1553 441 1588 occidentali
461 1559 496 1587 et
514 1558 641 1586 terram
670 1551 804 1585 Mathei
826 1552 965 1585 Steuart
984 1563 1026 1584 ex
1052 1556 1149 1596 parte
1169 1549 1328 1584 orientali
1347 1549 1433 1584 duos
1452 1549 1580 1584 solidos
1599 1550 1698 1597 primi

237 1614 341 1649 annui
362 1613 519 1648 redditus
541 1633 547 1639 ι
571 1613 658 1647 Item
679 1612 721 1646 de
741 1617 942 1646 tenemento
959 1610 1106 1645 Roberti
1128 1610 1286 1657 thnge
1302 1610 1440 1656 jacente
1460 1610 1493 1644 in
1513 1610 1605 1645 dicto
1623 1611 1699 1645 vico

236 1675 326 1710 inter
345 1681 471 1709 terram
494 1673 672 1719 Wyllelmi
695 1672 906 1718 Goldsmyth
935 1684 978 1706 ex
1006 1677 1103 1718 parte
1123 1670 1329 1705 occidentali
1350 1677 1385 1704 et
1403 1676 1530 1705 terram
1552 1671 1697 1706 Roberti

239 1736 310 1771 Ker
329 1748 375 1770 ex
393 1742 490 1782 parte
511 1734 670 1768 orientali
702 1733 788 1768 duos
820 1733 947 1767 solidos
969 1753 975 1758 ·
999 1733 1088 1767 Item
1119 1732 1162 1766 de
1194 1732 1287 1766 dieto
1317 1738 1518 1766 tenemento
1552 1732 1698 1767 Roberti

239 1797 311 1832 Ker
331 1802 463 1843 septem
483 1795 610 1829 solidos
633 1816 639 1821 ·
663 1794 753 1829 Item
771 1794 814 1828 de
846 1799 1048 1828 tenemento
1075 1793 1203 1827 domini
1222 1793 1265 1827 de
1294 1793 1462 1828 Howston
1487 1793 1626 1839 jacente
1654 1807 1698 1829 ex

238 1864 334 1905 parte
355 1856 475 1891 boriali
498 1856 602 1902 Vlici]
630 1855 816 1890 Furearum
846 1855 937 1888 inter
956 1860 1083 1888 terram
1111 1853 1193 1888 dicti
1224 1853 1352 1887 domini
1381 1853 1424 1887 de
1454 1853 1624 1888 Howston
1655 1867 1699 1888 ex

239 1925 336 1965 parte
356 1916 561 1952 occidentali
581 1922 616 1951 et
634 1922 761 1950 terram
787 1915 933 1950 Henrici
962 1914 1145 1949 Michaelis
1172 1926 1216 1948 ex
1243 1920 1340 1961 parte
1368 1914 1527 1949 orientali
1553 1922 1698 1961 quatuor

240 1977 367 2012 solidos
395 1977 495 2024 primi
522 1976 626 2010 annui
657 1976 840 2010 redditus·
865 1975 952 2010 Item
984 1975 1028 2010 de
1060 1973 1287 2022 te[nemento]
1324 1974 1501 2021 Wyllelmi
1533 1975 1699 2011 Broustar

236 2039 374 2085 jacente
394 2050 438 2072 ex
456 2043 554 2084 parte
573 2037 714 2071 australi
733 2037 815 2071 dicti
835 2036 901 2071 vici
920 2036 1011 2070 inter
1030 2042 1157 2070 terram
1184 2035 1340 2081 magistri
1361 2035 1507 2070 Roberti
1526 2036 1569 2071 de
1597 2036 1698 2072 Men-

238 2098 313 2133 teth
332 2110 375 2132 ex
394 2104 492 2144 parte
525 2097 730 2132 occidentali
757 2104 792 2132 et
818 2103 945 2131 terram
968 2096 1143 2143 Wyllelmi
1171 2096 1305 2131 Dicson
1336 2109 1381 2130 ex
1410 2102 1508 2143 parte
1539 2097 1698 2132 orientali

240 2159 325 2193 duos
345 2157 472 2192 solidos
491 2158 590 2204 primi
609 2158 711 2192 annui
741 2157 897 2192 redditus
919 2178 925 2183 ·
950 2157 1038 2192 Item
1057 2157 1100 2191 de
1127 2157 1259 2191 duabus
1291 2156 1384 2190 rodis
1416 2156 1489 2191 siue
1521 2157 1697 2203 perticatis

238 2226 332 2254 terre
360 2217 555 2263 jacentibus
575 2230 619 2252 ex
638 2224 735 2264 parte
755 2217 960 2252 occidentali
981 2217 1061 2251 Vici
1080 2217 1264 2251 Fullonum
1283 2217 1374 2251 inter
1392 2223 1519 2251 terram
1540 2217 1635 2252 Petri
1654 2219 1696 2253 de

243 2279 364 2314 Pollok
383 2291 427 2313 ex
455 2285 551 2324 parte
582 2279 703 2313 boriali
735 2285 770 2314 et
797 2285 924 2313 terram
953 2278 1123 2314 Johannis
1156 2278 1322 2325 Stephani
1355 2291 1399 2312 ex
1429 2284 1527 2325 parte
1557 2280 1697 2314 australi

240 2341 358 2375 decem
378 2339 506 2373 solidos
529 2359 534 2364 ·
559 2339 647 2374 Item
666 2339 709 2374 de
728 2351 797 2373 vno
815 2345 1015 2373 tenemento
1040 2339 1179 2384 jacente
1198 2339 1233 2372 in
1249 2339 1341 2373 dicto
1360 2339 1436 2373 vico
1454 2339 1545 2373 inter
1563 2340 1695 2385 predic-
