1922 2764
634 266 675 300 Β.
705 265 750 299 V.
780 265 948 300 MARIE
976 265 1044 300 ET
1073 266 1107 301 S.
1136 267 1295 301 ANNE.
1650 274 1694 310 75

239 363 405 398 Hommill
425 363 580 398 Osualdo
600 362 704 397 Mure
730 362 890 398 Johanne
919 363 1179 397 Hammiltoune
1199 363 1268 397 filio
1288 369 1323 398 et
1345 364 1475 399 herede
1495 365 1600 412 ipsius
1624 366 1694 401 Ga-

236 424 306 457 uini
332 432 341 459 Ι
365 422 497 459 Jacobo
534 423 793 458 Hammiltoune
825 429 860 457 et
893 422 1106 457 Archibaldo
1141 423 1399 458 Hammiltoune
1431 425 1509 460 filiis
1542 426 1692 472 ipsorum

237 483 368 519 Gauini
396 488 432 518 et
456 483 584 519 Jonete
607 492 615 520 1
638 496 782 518 vnacum
810 483 974 530 predictis
1001 483 1148 517 dominis
1178 482 1322 518 Andrea
1351 484 1470 518 Walch
1499 491 1533 519 et
1560 485 1695 521 Thoma

236 544 345 579 Clerk
373 543 613 590 prebendariis
643 543 799 590 predicte
832 543 990 578 Ecclesie
1019 543 1215 590 Collegiate
1243 544 1286 578 de
1316 544 1574 579 Hammiltoune
1598 567 1603 572 -
1628 546 1694 580 ET

234 604 344 640 EGO
364 604 517 638 Thomas
536 604 796 639 Hammiltoune
813 604 1000 651 presbyter
1017 603 1248 651 Glasguensis
1263 604 1410 639 diocesis
1425 605 1581 651 publicus
1601 618 1695 640 sacra

234 664 437 699 auctoritate
458 664 662 711 Apostolica
680 665 832 699 notarius
886 664 979 706 Quia
1001 663 1096 711 [elo]

234 811 303 876 IN
323 842 414 877 DEI
433 842 642 877 NOMINE
659 843 774 877 Amen
796 861 801 867 ·
820 843 962 877 Perhoc
974 843 1146 889 publicum
1158 843 1423 878 instrumentum
1436 843 1568 877 cunctis
1579 850 1695 890 pateat

233 903 323 949 quod
343 916 433 937 anno
449 903 694 938 incarnationis
714 903 898 938 Dominice
919 903 1099 938 millesimo
1117 903 1396 950 quingentesimo
1415 903 1694 950 vigesimoprimo

233 963 289 998 die
308 976 392 998 vero
410 963 614 998 duodecimo
641 964 769 998 mensis
789 963 923 1010 Aprilis
941 972 949 999 Ι
966 964 1006 997 In
1027 964 1093 998 mei
1111 964 1235 998 notarii
1260 964 1387 1010 publici
1406 970 1441 998 et
1459 964 1597 998 testium
1618 964 1694 997 sub-

233 1024 437 1071 scriptorum
456 1024 632 1071 presentia
652 1024 883 1070 personaliter
903 1024 1080 1058 constituti
1099 1024 1240 1059 discreti
1259 1024 1324 1058 viri
1350 1024 1533 1070 subscripti
1550 1032 1558 1060 Ι
1575 1023 1695 1057 videli-

233 1090 288 1118 cet
304 1093 313 1120 l
328 1084 506 1120 Johannes
527 1084 678 1119 Tarbart
698 1084 850 1118 Thomas
870 1084 983 1118 Adam
1005 1085 1180 1119 Robertus
1201 1084 1352 1132 Tempill
1370 1084 1549 1120 Johannes
1569 1083 1646 1118 Bell
1661 1090 1696 1118 et

232 1137 411 1180 ¹lohannes
422 1144 640 1180 Johnstoune
657 1145 851 1191 burgenses
866 1145 1014 1179 ciuitatis
1027 1145 1257 1191 Glasguensis
1274 1154 1282 1181 Ι
1299 1145 1528 1192 personaliter
1542 1157 1695 1179 accesse-

233 1211 315 1240 runt
328 1205 371 1239 ad
386 1218 504 1240 eorum
515 1211 716 1240 tenementa
730 1205 763 1239 in
778 1206 916 1240 ciuitate
933 1205 1146 1252 Glasguensi
1161 1205 1308 1240 inuicem
1323 1211 1358 1239 et
1370 1205 1532 1251 contigue
1544 1205 1696 1251 jacentia

234 1266 267 1300 in
282 1266 420 1313 publica
432 1266 488 1301 via
502 1279 568 1313 que
584 1266 677 1301 ducit
692 1279 711 1300 a
727 1266 841 1301 Cruce
861 1266 976 1300 Forali
991 1279 1099 1312 vsque
1114 1266 1156 1300 ad
1173 1266 1308 1300 Portam
1327 1265 1589 1300 Occidentalem
1603 1265 1695 1299 inter

234 1333 469 1361 tenementum
489 1327 697 1361 venerabilis
716 1327 781 1361 viri
801 1327 955 1373 magistri
977 1327 1111 1361 Valteri
1134 1327 1329 1373 Kennedye
1348 1326 1493 1360 rectoris
1512 1326 1555 1359 de
1576 1325 1694 1371 Doug-

234 1387 301 1422 lass
320 1400 364 1422 ex
382 1387 541 1422 orientali
560 1394 595 1422 et
610 1393 846 1422 tenementum
864 1387 1033 1423 Johannis
1050 1387 1234 1422 Caulduoll
1254 1399 1297 1421 ex
1316 1385 1521 1420 occidentali
1540 1384 1694 1432 partibus

233 1448 276 1482 ab
295 1448 404 1482 altera
419 1456 428 1484 Ι
444 1448 608 1483 videlicet
624 1457 632 1484 Ι
649 1448 761 1482 dictus
778 1447 957 1483 Johannes
977 1447 1128 1482 Tarbart
1145 1447 1188 1481 ad
1207 1459 1303 1481 suum
1323 1451 1557 1481 tenementum
1574 1446 1694 1492 jacens

235 1508 324 1543 inter
339 1514 574 1543 tenementum
594 1508 717 1555 prefati
739 1508 899 1543 Rectoris
914 1508 956 1542 de
977 1508 1161 1553 Dowglass
1177 1520 1221 1541 ex
1235 1506 1393 1541 orientali
1408 1512 1443 1540 et
1457 1511 1693 1540 tenementum

235 1569 316 1604 dieti
337 1569 471 1604 Thome
495 1569 607 1604 Adam
634 1582 679 1604 ex
706 1569 910 1604 occidentali
927 1577 935 1604 l
954 1569 1040 1603 Item
1068 1568 1179 1602 dictus
1205 1567 1356 1601 Thomas
1386 1566 1498 1600 Adam
1525 1566 1568 1600 ad
1595 1578 1693 1599 suum

234 1635 470 1664 tenementum
494 1630 613 1676 jacens
640 1630 731 1664 inter
758 1635 994 1664 tenementum
1014 1629 1096 1663 dicti
1113 1627 1282 1664 Johannis
1302 1627 1453 1661 Tarbart
1471 1639 1515 1660 ex
1535 1625 1693 1660 orientali

235 1696 270 1725 et
296 1696 532 1725 tenementum
565 1690 712 1724 Roberti
738 1689 890 1736 Tempill
917 1702 961 1723 ex
988 1688 1193 1723 occidentali
1219 1696 1227 1723 l
1252 1687 1339 1722 Item
1372 1686 1483 1720 dictus
1517 1686 1691 1719 Robertus

236 1750 387 1798 Tempill
419 1751 461 1785 ad
492 1763 588 1785 suum
621 1756 856 1785 tenementum
888 1750 1008 1796 jacens
1044 1748 1134 1782 inter
1165 1752 1401 1782 tenementum
1437 1745 1518 1780 dicti
1555 1744 1689 1778 Thome

237 1811 350 1845 Adam
369 1823 413 1845 ex
432 1810 591 1845 orientali
610 1816 645 1845 et
662 1815 899 1845 tenementum
917 1808 1086 1844 Johannis
1106 1808 1183 1842 Bell
1203 1820 1247 1842 ex
1266 1806 1470 1841 occidentali
1487 1814 1495 1841 l
1514 1805 1600 1839 Item
1620 1804 1689 1838 dic-

233 1878 288 1906 tus
313 1871 492 1908 Johannes
520 1871 597 1906 Bell
624 1871 667 1905 ad
693 1883 791 1905 suum
818 1875 1055 1904 tenementum
1079 1868 1198 1913 jacens
1226 1867 1316 1901 inter
1343 1871 1579 1900 tenementum
1606 1864 1689 1898 dicti

236 1933 381 1968 Roberti
400 1932 552 1978 Tempill
579 1944 623 1966 ex
650 1931 808 1966 orientali
827 1937 862 1965 et
883 1934 1116 1964 tenementum
1135 1927 1304 1963 Johannis
1325 1925 1507 1962 Caulduoll
1532 1938 1577 1959 ex
1601 1925 1688 1959 occi-

233 1993 362 2028 dentali
383 2002 392 2029 Ι
413 1992 500 2027 Item
528 1992 640 2026 dictus
666 1991 844 2027 Johanues
870 1990 1089 2026 Johnstoune
1116 1988 1157 2022 ad
1185 2000 1283 2021 suum
1308 1991 1545 2021 tenementum
1568 1985 1687 2031 jacens

232 2054 323 2088 inter
341 2058 578 2088 tenementum
596 2052 678 2086 dicti
696 2050 865 2087 Johannis
885 2049 963 2084 Bell
982 2061 1026 2083 ex
1041 2047 1200 2082 orientali
1216 2053 1252 2081 et
1265 2052 1500 2081 tenementum
1518 2045 1687 2080 Johannis

235 2113 418 2148 Caulduoll
446 2125 491 2147 ex
517 2111 722 2147 occidentali
744 2131 750 2137 ·
774 2111 820 2144 Et
847 2110 974 2144 ibidem
1004 2108 1128 2156 prefati
1153 2107 1330 2143 Johannes
1359 2106 1509 2140 Tarbart
1536 2105 1687 2140 Thomas

236 2173 349 2208 Adam
367 2173 541 2207 Robertus
557 2171 708 2218 Tempill
723 2177 758 2205 et
772 2170 950 2206 Johannes
966 2169 1042 2203 Bell
1059 2178 1067 2205 Ι
1084 2180 1159 2202 cum
1171 2179 1342 2202 consensu
1357 2179 1416 2201 sue
1429 2165 1546 2201 vxor-is
1558 2165 1687 2201 Jonete

236 2234 408 2280 Flemyng
423 2242 432 2270 Ι
449 2239 484 2268 et
500 2232 678 2268 Johannes
695 2231 914 2267 Johustoune
931 2238 940 2266 l
956 2241 1001 2264 ex
1015 2229 1118 2264 certis
1132 2228 1242 2263 causis
1260 2228 1519 2262 rationabilibus
1536 2240 1599 2274 per
1614 2240 1686 2262 eos-

235 2295 313 2329 dem
324 2301 407 2329 tunc
418 2293 629 2340 expressatis
642 2305 759 2327 eorum
772 2291 902 2326 animos
914 2290 957 2325 ad
966 2289 1183 2336 infrascripta
1195 2289 1412 2323 mouentibus
1426 2288 1573 2322 Necnon
1586 2300 1686 2334 prop-
