1922 2764
583 278 624 312 B.
652 278 699 313 V.
728 278 896 313 MARIE
926 278 993 313 ET
1022 280 1055 314 S.
1085 280 1243 314 ANNE.
1596 287 1642 317 55

193 373 397 408 consistorio
431 374 643 420 Glasguensi
674 387 788 409 coram
819 375 956 409 domino
987 375 1121 410 officiali
1152 388 1213 410 seu
1240 376 1314 410 eius
1341 378 1571 413 commissario
1597 379 1644 414 Et

193 433 320 468 ibidem
334 440 540 469 moneantur
554 447 600 469 ex
614 447 733 469 eorum
751 435 899 482 propriis
913 435 1188 470 confessionibus
1203 436 1245 470 ad
1260 436 1455 472 instantiam
1471 438 1642 486 Prepositi

194 499 230 528 et
247 494 281 527 in
302 494 375 528 eius
394 494 550 529 absentia
566 494 776 541 presidentis
794 495 838 529 ad
856 495 1110 530 obseruandum
1128 502 1164 530 et
1181 496 1456 543 perimplendum
1473 500 1653 546 prescrip„

194 560 263 588 tam
304 554 539 589 fundationem
575 567 614 590 ac
649 561 775 590 statuta
810 556 964 590 eiusdem
999 556 1137 590 condita
1171 562 1206 590 et
1240 557 1421 592 condenda
1455 559 1517 593 sub
1556 572 1645 605 pena

194 615 557 649 excommunicationis
582 624 590 651 l
619 615 829 662 Quiquidem
866 616 1067 662 Prepositus
1101 629 1193 651 nunc
1228 623 1263 651 et
1296 629 1361 664 pro
1396 624 1551 665 tempore
1586 632 1644 653 ex·

193 675 301 710 istens
320 675 421 710 etiam
441 676 476 710 in
495 676 600 712 choro
619 689 724 723 super
744 677 883 712 eosdem
906 677 1181 723 jurisdictionem
1209 683 1245 712 et
1271 683 1476 724 potestatem
1504 680 1547 713 ad
1574 693 1644 714 sus-

192 735 414 782 pendendum
441 749 460 770 a
486 737 591 771 choro
622 743 657 771 et
681 737 763 772 alias
794 750 900 784 penas
931 737 1147 784 pecuniarias
1181 738 1265 772 inibi
1297 738 1475 785 infligendi
1507 745 1542 774 et
1570 740 1644 774 illas

192 795 227 829 in
249 796 315 830 alia
339 796 478 843 pietatis
505 809 611 843 opera
640 798 870 832 commutandi
888 798 944 832 vel
976 811 1052 833 cum
1081 798 1211 833 eisdem
1242 799 1392 845 desuper
1423 799 1645 846 dispensandi

192 856 334 891 habebit
366 856 414 891 Et
443 857 477 892 in
509 869 570 891 sua
596 857 752 892 absentia
778 859 958 905 presidens
990 859 1122 893 electus
1155 859 1299 893 eandem
1330 859 1471 894 habebit
1496 866 1645 906 potesta-

193 922 262 951 tem
289 916 337 951 Et
354 916 389 950 in
407 923 631 964 vtrorumque
650 918 806 952 absentia
832 919 947 953 senior
973 919 1224 965 prebendarius
1250 920 1293 953 ad
1322 919 1388 954 hoc
1418 920 1550 955 electus
1581 919 1646 954 Ni-

193 976 396 1011 chilominus
426 984 540 1012 tamen
569 983 668 1012 extra
686 978 826 1012 chorum
843 987 851 1015 l
867 979 933 1013 nisi
959 979 1027 1013 tale
1057 979 1162 1013 fuerit
1193 979 1355 1014 delictum
1386 986 1528 1027 propter
1555 982 1646 1027 quod

194 1037 238 1071 de
252 1037 332 1083 jure
349 1037 479 1072 fuerint
497 1038 655 1084 suspensi
673 1046 681 1074 l
698 1038 781 1072 dicti
798 1039 1019 1085 prebendarii
1038 1039 1236 1074 sacerdotes
1263 1039 1396 1086 possint
1422 1040 1539 1074 diuina
1557 1041 1646 1076 cele-

193 1098 294 1132 brare
317 1118 324 1124 ·
346 1098 434 1132 Item
453 1098 481 1132 si
500 1098 576 1144 quis
591 1098 758 1133 dictorum
778 1099 1084 1146 prebendariorum
1100 1099 1144 1134 sit
1161 1099 1333 1146 litigiosus
1348 1106 1384 1134 et
1401 1100 1443 1134 ad
1458 1100 1549 1135 bella
1563 1101 1646 1135 alios

194 1158 414 1205 prouocando
433 1164 468 1193 et
485 1159 639 1193 diuinum
658 1159 804 1194 officium
822 1160 1014 1207 impediens
1032 1173 1078 1195 ex
1096 1160 1262 1195 similibus
1285 1160 1416 1195 actibus
1433 1170 1442 1197 Ι
1457 1162 1536 1196 volo
1554 1162 1646 1208 quod

194 1219 272 1254 talis
290 1219 470 1266 prehabita
483 1231 585 1254 cause
600 1219 798 1266 cognitione
814 1220 888 1255 sine
903 1220 1059 1255 vlteriori
1076 1233 1240 1267 processu
1255 1233 1274 1255 a
1288 1233 1349 1255 sua
1366 1221 1543 1268 prebenda
1557 1234 1646 1256 amo-

197 1285 345 1313 ueatur·
373 1279 462 1314 Item
497 1279 526 1313 si
559 1280 738 1326 contingat
772 1280 918 1327 aliquam
952 1281 1163 1327 prebendam
1198 1281 1387 1327 predictam
1422 1281 1647 1328 quouismodo

195 1352 317 1374 vacare
345 1339 466 1374 ordino
493 1340 585 1386 quod
611 1353 680 1374 non
706 1346 928 1387 presentetur
955 1341 1076 1388 aliquis
1103 1341 1145 1375 ad
1172 1341 1317 1376 eandem
1343 1342 1554 1388 prebendam
1581 1343 1648 1377 nisi

194 1400 290 1447 prius
318 1406 501 1447 expectato
529 1400 639 1448 spatio
665 1401 809 1447 triginta
834 1401 967 1436 dierum
984 1410 993 1438 l
1009 1402 1057 1436 sic
1083 1402 1175 1448 quod
1197 1408 1352 1448 tempore
1371 1402 1577 1437 intermedio
1603 1403 1646 1438 de

196 1461 333 1508 ydonea
348 1467 383 1496 et
396 1461 589 1508 qualificata
602 1474 751 1509 persona
764 1462 873 1509 possit
886 1462 1063 1509 prouideri
1080 1471 1088 1498 s
1105 1462 1183 1497 Nec
1196 1462 1301 1509 lapsis
1316 1463 1416 1497 dictis
1430 1463 1552 1498 diebus
1570 1476 1647 1510 pre-

197 1527 354 1556 sentetur
385 1522 504 1557 eadem
536 1535 685 1569 persona
716 1523 781 1556 nisi
811 1522 991 1569 prehabita
1021 1523 1181 1569 diligenti
1211 1523 1465 1558 examinatione
1494 1523 1647 1559 eiusdem

197 1594 310 1616 coram
330 1582 513 1629 Preposito
532 1588 567 1617 et
585 1583 824 1630 prebendariis
842 1583 898 1617 vel
926 1583 1046 1618 saltem
1073 1596 1187 1618 coram
1212 1583 1413 1630 presidente
1441 1590 1476 1619 et
1501 1585 1648 1631 preben-

197 1642 300 1677 dariis
318 1643 353 1677 in
374 1643 546 1690 Prepositi
564 1643 721 1678 absentia
736 1652 745 1680 l
761 1643 809 1678 Et
827 1643 855 1677 si
873 1643 1052 1690 contingat
1077 1644 1230 1690 prefatos
1256 1650 1420 1690 patronos
1446 1644 1546 1679 aliter
1571 1658 1647 1692 pre-

197 1709 336 1737 sentare
354 1703 433 1738 volo
452 1704 596 1738 eandem
614 1704 824 1750 prebendam
844 1710 880 1739 et
905 1704 1165 1751 dispositionem
1184 1705 1337 1740 eiusdem
1356 1718 1397 1740 ea
1414 1705 1490 1740 vice
1516 1712 1647 1741 tantum

198 1763 241 1798 ad
269 1763 581 1811 Archiepiscopum
611 1765 866 1811 Glasguensem
896 1771 932 1799 et
962 1765 1036 1799 eius
1064 1778 1282 1800 successores
1313 1771 1470 1812 spectare
1522 1765 1570 1800 Et
1600 1766 1647 1800 sic

197 1824 330 1859 tociens
349 1824 512 1871 quociens
531 1838 606 1860 cum
627 1831 745 1860 contra
763 1838 871 1860 meam
890 1825 1126 1860 fundationem
1145 1825 1425 1872 presentauerint

200 2057 435 2105 SEQUUNTUR
454 2066 565 2101 Misse
584 2066 756 2101 ordinarie
774 2066 865 2100 dicte
883 2066 1077 2112 Collegiate
1096 2066 1254 2101 Ecclesie
1273 2078 1410 2101 exnunc
1427 2080 1489 2113 per
1507 2080 1560 2102 me
1579 2080 1646 2103 ma·

198 2126 343 2173 gistrum
362 2127 530 2162 Jacobum
549 2126 757 2161 Houstoune
777 2126 1008 2160 subdecanum
1026 2126 1246 2161 fundatorem
1265 2126 1430 2173 disposite
1447 2136 1455 2163 l
1472 2134 1538 2162 etc.

199 2218 447 2283 INPRIMIS
461 2249 540 2283 volo
559 2248 748 2282 ordinarias
766 2249 1017 2294 subsequentes
1032 2248 1065 2282 in
1080 2248 1171 2283 dicta
1189 2261 1263 2283 mea
1279 2249 1474 2296 Collegiata
1488 2250 1646 2286 Ecclesia

200 2308 328 2343 Missas
343 2308 511 2343 celebrari
525 2314 560 2343 et
574 2308 719 2343 tabulari
731 2308 859 2343 debere
876 2316 885 2344 Ι
901 2308 1064 2343 videlicet
1079 2316 1088 2344 l
1104 2321 1204 2343 vnam
1219 2309 1361 2344 Missam
1375 2310 1418 2345 de
1434 2310 1540 2345 Mane
1555 2311 1645 2346 inter
