1922 2764
625 255 665 290 B.
696 256 742 291 V.
770 256 941 291 MARIE
968 257 1036 292 ET
1065 257 1099 293 S.
1129 258 1288 292 ANNE.
1665 265 1686 300 9

228 359 359 387 trorum
375 363 381 389 J
396 358 615 400 vestramque
643 359 680 388 et
705 366 943 389 successorum
968 360 1161 390 vestrorum
1195 355 1427 402 Glasguensis
1454 358 1601 392 ecclesie
1622 358 1690 392 Ar-

229 413 525 461 chiepiscoporum
544 414 763 449 collationem
785 415 992 450 ordinariam
1008 427 1014 453 J
1029 415 1133 463 pleno
1157 416 1235 462 jure
1264 417 1470 463 spectabunt
1487 424 1523 452 et
1539 419 1691 464 pertine-

229 475 316 509 bunt
367 475 516 510 Necnon
532 488 598 522 ego
613 476 725 510 dictus
743 476 908 523 magister
926 477 949 513 J
951 476 1078 511 acobus
1098 476 1315 511 subdecanus
1330 477 1473 511 firmiter
1491 478 1692 525 intelligens

230 541 266 570 et
284 536 431 571 credens
446 546 452 573 J
468 536 548 583 quia
572 536 608 571 in
632 536 811 571 missarum
839 537 1004 572 solenniis
1029 537 1268 572 holocaustum
1291 537 1421 584 pingue
1445 537 1553 572 Filius
1574 539 1693 573 Omni-

230 596 364 643 potenti
392 596 486 631 Patri
514 597 549 631 in
578 597 694 632 odoris
720 598 889 633 suauitate
918 598 1062 633 offertur
1088 597 1155 633 Cui
1184 597 1290 632 nichil
1317 598 1562 645 acceptabilius
1589 599 1693 633 nichil

230 657 362 704 gratius
388 657 494 692 nichil
520 658 659 705 dignius
687 658 785 693 offeri
810 664 1031 705 potestJtam
1059 658 1121 693 eiis
1140 658 1208 693 vim
1237 671 1313 693 esse
1341 658 1509 693 catholice
1528 659 1608 693 fidei
1628 660 1695 693 sin-

231 717 356 753 ceritas
373 718 561 765 persuadet
575 724 613 753 vt
630 719 836 754 imbecillem
855 719 1003 754 humane
1023 719 1231 754 conditionis
1249 718 1473 765 fragilitatem
1491 718 1525 752 in
1544 720 1696 765 peccatis

232 791 315 826 sepe
333 779 508 814 labentem
534 779 569 813 in
596 780 742 826 gratiam
764 780 950 815 restituant
967 779 1119 814 fidelium
1138 779 1379 814 defunctorum
1407 779 1536 813 animas
1556 792 1600 814 ex
1618 792 1697 826 pur-

232 839 357 887 gatorii
375 840 475 886 penis
494 839 642 887 eripiant
661 846 696 875 et
710 841 779 887 jam
798 841 900 875 beate
919 841 962 875 ad
980 840 1092 888 glorie
1110 840 1363 887 plenitudinem
1382 839 1551 874 accedant
1566 850 1571 876 J
1589 839 1697 874 Plane

232 901 267 935 in
287 913 405 935 eorum
422 908 576 935 'numero
603 913 647 935 ne
674 901 831 948 reperiar
858 901 980 948 quibus
999 901 1034 935 in
1054 901 1180 936 Exodo
1198 901 1326 935 dictum
1347 906 1400 935 est
1419 908 1425 935 J
1449 900 1549 936 Gens
1568 901 1698 946 absque

233 962 377 997 consilio
396 968 432 997 et
448 962 635 1009 prudentia
650 970 659 998 l
675 962 802 997 vtinam
830 968 993 1010 saperent
1011 968 1047 997 et
1064 962 1306 1009 intelligerent
1324 974 1363 996 ac
1382 961 1568 996 nouissima
1585 961 1699 1008 proui-

234 1023 359 1058 derent
384 1032 392 1059 J
418 1022 617 1070 Animoque
644 1023 831 1058 reuoluens
859 1023 950 1070 quod
977 1023 1011 1057 in
1041 1022 1243 1070 Apocalipsi
1272 1022 1436 1070 scriptum
1464 1028 1517 1057 est
1538 1032 1543 1060 J
1567 1022 1699 1057 Audiui

233 1096 357 1119 vocem
382 1084 425 1118 de
450 1084 526 1118 celo
550 1083 723 1118 dicentem
752 1083 853 1118 Beati
881 1084 1007 1118 mortui
1031 1084 1089 1131 qui
1113 1084 1147 1118 in
1168 1083 1322 1118 Domino
1348 1083 1542 1118 moriuntur
1558 1094 1564 1120 J
1579 1083 1700 1117 amodo

230 1145 300 1191 jam
330 1144 414 1179 dicit
447 1144 594 1191 Spiritus
625 1150 663 1179 vt
693 1144 914 1191 requiescant
940 1157 960 1179 a
986 1145 1161 1179 laboribus
1193 1145 1263 1179 suis
1284 1154 1288 1176 J
1309 1157 1415 1192 opera
1446 1144 1537 1179 enim
1564 1144 1700 1178 illorum

234 1211 426 1252 sequuntur
440 1205 517 1240 illos
532 1213 538 1241 J
556 1205 650 1240 Hinc
664 1205 766 1240 michi
781 1205 929 1240 charitas
949 1205 1079 1240 exarsit
1095 1214 1101 1241 J
1116 1205 1197 1240 hinc
1214 1206 1325 1253 pietas
1340 1210 1462 1240 exorta
1476 1211 1530 1240 est
1544 1211 1580 1239 et
1593 1205 1701 1239 diuini

234 1266 346 1301 cultus
365 1266 517 1313 augendi
542 1266 661 1301 innata
678 1266 838 1301 voluntas
857 1279 958 1313 quam
984 1279 1047 1313 pro
1064 1266 1228 1301 facultate
1253 1272 1458 1313 prosecutus
1477 1266 1519 1300 ad
1540 1266 1701 1300 effectum

235 1327 469 1374 supradictum
495 1327 540 1361 do
559 1332 595 1361 et
612 1327 766 1362 concedo
792 1339 906 1361 meum
934 1339 1141 1362 consensum
1160 1333 1195 1361 et
1213 1339 1391 1361 assensum
1421 1326 1476 1361 Ac
1503 1327 1582 1360 volo
1609 1327 1701 1373 quod

235 1400 360 1423 nouem
380 1387 570 1435 capellanie
588 1387 733 1422 inferius
752 1388 968 1434 designande
986 1398 991 1424 J
1006 1400 1068 1434 per
1086 1400 1141 1422 me
1161 1400 1205 1422 ex
1223 1400 1300 1422 meo
1319 1387 1491 1434 legittimo
1510 1393 1702 1433 conquestu

237 1455 272 1484 et
297 1449 467 1484 industria
491 1449 635 1483 fundate
654 1448 821 1496 acquisite
844 1455 879 1483 et-
898 1449 1018 1484 dotate
1035 1460 1040 1486 J
1055 1448 1089 1482 in
1115 1461 1241 1483 nouem
1261 1448 1482 1483 canonicatus
1502 1454 1537 1483 et
1555 1448 1702 1495 preben-

237 1510 297 1545 das
321 1523 384 1557 pro
402 1522 528 1545 nouem
546 1509 787 1557 prebendariis
806 1515 841 1544 et
860 1509 970 1544 tribus
997 1509 1115 1556 pueris
1142 1509 1185 1543 ad
1212 1509 1367 1555 regimen
1389 1515 1424 1543 et
1442 1508 1702 1555 dispositionem

237 1570 333 1606 chori
355 1570 446 1605 dicte
467 1570 663 1617 Collegiate
683 1570 842 1605 Ecclesie
862 1570 1030 1617 erigende
1050 1576 1086 1604 et
1104 1570 1212 1604 diuini
1231 1570 1344 1604 cultus
1362 1576 1585 1616 augmentum
1613 1569 1702 1603 simi-

237 1632 317 1667 liter
332 1631 510 1678 erigantur
543 1631 843 1678 Quorumquidem
858 1631 1121 1666 canonicatuum
1136 1637 1171 1666 et
1185 1631 1441 1678 prebendarum
1457 1630 1702 1677 erigendorum

239 1692 460 1727 donationem
492 1698 528 1726 et
557 1692 819 1739 dispositionem
853 1692 936 1726 mihi
971 1692 1051 1726 (lum
1086 1692 1120 1726 in
1156 1691 1313 1726 humanis
1345 1691 1466 1725 vixero
1502 1690 1702 1737 simpliciter

238 1765 382 1788 reseruo
430 1753 477 1787 Et
494 1758 574 1799 post
591 1765 704 1787 meum
721 1753 902 1788 decessum
920 1753 963 1787 ad
980 1752 1202 1786 honorabiles
1221 1752 1314 1786 viros
1329 1751 1485 1785 dominos
1504 1750 1649 1784 balliuos
1669 1756 1703 1784 et

240 1813 400 1849 consules
419 1813 568 1848 ciuitatis
591 1813 822 1861 Glasguensis
847 1827 910 1861 pro
928 1819 1084 1860 tempore
1105 1812 1297 1847 existentes
1315 1811 1528 1858 presentatio
1547 1816 1582 1845 et
1600 1810 1703 1844 dona-

239 1876 288 1910 tio
307 1884 313 1909 l
333 1875 493 1910 admissio
517 1887 602 1909 vero
629 1880 665 1910 et
692 1888 810 1910 eorum
834 1874 1005 1909 institutio
1031 1879 1134 1920 prout
1152 1873 1185 1907 in
1206 1871 1393 1919 prebendis
1413 1871 1703 1918 subsequentibus

241 1936 436 1971 successiue
451 1936 486 1970 in
500 1935 585 1970 locis
600 1936 670 1970 suis
684 1936 786 1971 latius
801 1942 837 1970 et
850 1935 986 1982 plenius
1002 1933 1256 1981 specificabitur
1271 1938 1306 1967 et
1321 1932 1552 1966 declarabitur
1567 1945 1572 1967 J
1592 1931 1703 1979 [spee-

241 1997 363 2031 tabunt
377 2001 412 2031 et
429 1994 670 2043 pertinebunt]
689 2006 695 2033 J
711 1995 945 2030 INPRIMIS
964 1994 1103 2041 quidem
1123 1993 1380 2040 Preposituram
1399 1992 1490 2027 dicte
1507 1992 1703 2039 Collegiate

241 2057 401 2092 Ecclesie
428 2056 542 2091 Marie
570 2068 707 2103 semper
726 2055 886 2103 Virginis
905 2062 940 2090 et
960 2055 1066 2089 Anne
1085 2053 1202 2088 matris
1226 2053 1411 2088 Beatarum
1430 2053 1580 2088 ciuitatis
1602 2053 1703 2089 Glas-

241 2118 384 2165 guensis
402 2117 445 2152 de
464 2117 592 2152 vicaria
609 2122 778 2163 perpetua
792 2116 883 2150 dicte
902 2115 1125 2163 parrochialis
1144 2114 1291 2149 ecclesie
1311 2115 1354 2149 de
1374 2114 1487 2160 Dalry
1503 2114 1704 2161 erigendam

242 2185 277 2214 et
295 2179 386 2213 dicte
405 2177 533 2213 vicarie
551 2190 677 2211 nomen
697 2176 979 2224 supprimendum
1033 2175 1245 2222 Quiquidem
1265 2175 1466 2222 Prepositus
1484 2175 1625 2210 habebit
1642 2188 1705 2222 pro

243 2252 303 2274 sua
321 2238 571 2274 sustentatione
597 2250 716 2272 omnes
744 2243 779 2272 et
806 2237 961 2283 singulos
987 2236 1120 2271 fructus
1139 2236 1296 2271 redditus
1315 2242 1351 2270 et
1368 2241 1559 2283 prouentus
1578 2236 1704 2270 vicarie

243 2301 333 2335 dicte
353 2298 500 2335 ecclesie
519 2298 562 2332 de
582 2298 694 2345 Dalry
714 2311 790 2333 cum
810 2297 1041 2333 oblationibus
1060 2303 1095 2332 et
1113 2297 1188 2332 aliis
1208 2296 1436 2332 emolimentis
1461 2297 1582 2332 eedem
1610 2309 1705 2343 spec-

964 2368 983 2388 B
