1922 2764
217 272 259 303 12
541 267 696 303 LIBER
723 266 970 302 ECCLESIE
1000 264 1340 301 COLLEGIATE

212 364 389 411 perpetuis
407 363 530 398 futuris
557 364 770 411 temporibus
798 364 832 397 in
860 376 942 398 cura
963 362 1054 397 dicte
1073 362 1220 396 ecclesie
1239 361 1282 396 de
1301 361 1415 407 Dalry
1433 360 1669 395 ministraturo

213 425 420 471 assignande
433 434 439 462 l
452 431 486 460 et
499 437 543 460 ex
556 431 673 460 nostra
685 431 720 460 et
732 436 968 459 successorum
980 429 1174 457 nostrorum
1187 421 1446 469 presentatione
1459 421 1669 456 conferende

215 484 269 520 Ac
288 486 474 520 earundem
493 485 611 520 vnioni
629 485 852 520 annexationi
867 490 902 519 et
919 482 1188 530 incorporationi
1202 488 1320 516 vestra
1333 481 1505 516 ordinaria
1524 483 1669 517 auctori-

211 551 282 580 tate
302 546 424 580 fiendis
442 546 476 580 in
496 547 652 580 omnibus
680 552 715 581 et
741 558 804 592 per
829 545 942 579 omnia
968 550 1004 578 vt
1030 543 1234 590 premissum
1262 548 1315 576 est
1342 542 1670 578 RESERUATIS

213 612 327 641 tamen
354 606 454 641 nobis
473 613 509 641 et
527 606 783 641 successoribus
810 605 938 640 nostris
956 604 1136 638 abbatibus
1155 609 1191 637 et
1208 602 1438 638 conuentibus
1457 603 1538 638 dicti
1560 603 1670 638 nostri

213 667 420 702 Monasterii
438 667 690 714 imperpetuum
708 665 967 713 presentatione
987 671 1022 699 et
1043 665 1121 711 jure
1139 669 1340 711 patronatus
1359 670 1428 698 tam
1447 664 1670 711 Prepositure

213 728 381 774 erigende
400 741 499 774 quam
519 728 620 762 etiam
639 727 766 762 vicarie
785 726 1005 773 pensionarie
1024 725 1180 772 predicte
1200 725 1349 760 creande
1368 725 1496 760 totiens
1511 725 1670 771 quotiens

212 800 269 823 eas
285 801 407 823 vacare
422 788 609 835 contigerit
623 788 670 822 Et
684 800 752 822 non
770 787 852 821 alias
867 786 967 821 aliter
981 798 1046 820 nec
1061 785 1127 820 alio
1141 785 1242 820 modo
1259 794 1268 822 l
1284 786 1435 820 vnanimi
1450 798 1621 820 consensu
1636 791 1671 821 et

212 861 355 883 assensu
373 849 607 895 capitulariter
626 847 829 894 congregati
855 847 976 881 harum
1001 846 1090 881 serie
1109 846 1343 880 consentimus
1371 846 1418 880 Et
1435 852 1572 881 nostros
1591 859 1670 881 con-

213 921 334 943 sensus
353 915 388 944 et
406 922 566 944 assensus
585 909 627 944 ad
645 909 813 956 premissa
831 907 988 942 omnibus
1008 906 1206 941 melioribus
1225 907 1326 941 modo
1341 906 1397 941 via
1414 906 1523 941 forma
1538 907 1616 954 jure
1636 914 1671 941 et

212 981 314 1003 causa
328 970 450 1016 quibus
465 970 587 1004 melius
602 975 637 1004 et
651 969 821 1004 efficacius
839 980 1020 1015 possumus
1035 974 1070 1002 et
1084 967 1250 1002 debemus
1268 976 1276 1003 l
1292 967 1494 1002 exhibemus
1514 968 1671 1002 Eandem

212 1035 361 1063 vestram
399 1029 723 1064 reuerendissimam
759 1029 1003 1076 paternitatem
1042 1028 1217 1062 humiliter
1254 1028 1470 1063 exhortando
1506 1036 1670 1076 rogantes

211 1095 380 1136 quatenus
399 1090 441 1124 de
469 1096 587 1125 nostro
609 1102 776 1137 expresso
795 1101 966 1124 consensu
993 1088 1150 1136 predicto
1179 1088 1436 1136 Preposituram
1455 1095 1490 1123 et
1508 1089 1669 1124 vicariam

210 1151 462 1196 pensionariam
490 1151 663 1198 predictas
690 1158 807 1185 vestra
834 1150 1007 1185 ordinaria
1033 1150 1236 1184 auctoritate
1264 1150 1401 1197 erigere
1421 1163 1539 1185 creare
1567 1151 1669 1185 subli-

211 1223 304 1245 mare
324 1211 421 1246 vnire
436 1211 657 1259 incorporare
673 1217 708 1246 et
722 1217 910 1246 annectere
929 1211 963 1245 in
979 1211 1136 1245 omnibus
1151 1216 1186 1245 et
1203 1223 1265 1257 per
1285 1211 1398 1245 omnia
1411 1217 1448 1246 vt
1465 1211 1668 1258 premissum

212 1278 265 1306 est
317 1272 428 1306 Saluis
454 1278 566 1306 tamen
586 1272 684 1306 vobis
713 1278 747 1306 et
774 1271 1032 1307 successoribus
1050 1271 1175 1306 vestris
1202 1271 1455 1318 imperpetuum
1474 1271 1670 1306 visitatione

208 1332 448 1378 jurisdictione
463 1333 678 1368 correctione
694 1333 845 1367 dominio
859 1338 1031 1379 potestate
1047 1337 1082 1366 et
1096 1331 1348 1379 preeminentia
1361 1344 1400 1366 ac
1415 1332 1571 1366 omnibus
1586 1332 1671 1377 juri-

210 1394 274 1427 bus
301 1394 483 1428 ordinariis
510 1399 545 1428 et
571 1393 854 1428 extraordinariis
888 1392 1251 1440 Archiepiscopalibus
1278 1398 1314 1427 et
1340 1392 1670 1428 archidiaconalibus

212 1453 255 1487 de
283 1453 376 1488 dicta
393 1454 520 1488 vicaria
537 1459 706 1500 perpetua
726 1453 768 1488 de
797 1453 911 1500 Dalry
929 1458 1009 1488 ante
1037 1453 1248 1488 erectionem
1275 1453 1485 1488 creationem
1512 1453 1670 1487 sublima-

211 1514 340 1548 tionem
355 1514 516 1548 vnionem
529 1514 843 1560 incorporationem
859 1520 894 1548 et
908 1514 1174 1548 annexationem
1190 1513 1384 1548 huiusmodi
1400 1514 1525 1548 debitis
1541 1520 1577 1548 et
1591 1526 1672 1548 con-

213 1574 319 1609 suetis
364 1574 561 1621 Ceteraque
575 1574 689 1609 facere
709 1574 825 1609 dicere
843 1587 969 1619 gerere
988 1580 1024 1608 et
1041 1586 1208 1608 exercere
1223 1586 1290 1620 que
1309 1586 1353 1608 ex
1372 1580 1489 1609 vestro
1507 1574 1670 1621 pastorali

213 1635 322 1670 officio
334 1635 537 1670 incumbunt
549 1635 749 1682 peragenda
765 1644 773 1670 l
790 1635 833 1670 de
851 1635 962 1680 gratia
976 1634 1116 1681 speciali
1131 1634 1321 1681 dignemini
1340 1651 1345 1657 ·
1365 1634 1421 1668 IN
1441 1634 1672 1675 QUORUM

213 1695 363 1729 omnium
382 1701 417 1730 et
435 1695 648 1742 singulorum
667 1696 770 1730 fidem
789 1695 1009 1742 presentibus
1028 1695 1184 1729 manibus
1202 1695 1329 1729 nostris
1356 1696 1558 1742 subscriptis
1577 1695 1670 1742 sigil-

212 1757 282 1790 lum
300 1769 479 1791 commune
499 1756 581 1791 dicti
608 1756 716 1790 nostri
745 1756 951 1791 Monasterii
971 1761 1024 1790 est
1043 1768 1232 1802 appensum
1251 1768 1395 1790 vnacum
1416 1756 1520 1802 sigilli
1544 1769 1671 1803 appen-

213 1817 309 1851 sione
329 1824 364 1851 et
382 1817 634 1864 subscriptione
661 1817 810 1851 manuali
832 1817 913 1851 dicti
941 1816 1097 1863 magistri
1118 1816 1326 1851 Christofori
1346 1816 1447 1863 Boyd
1474 1816 1508 1850 in
1535 1817 1672 1863 signum

213 1884 248 1912 et
274 1877 431 1923 vigorem
456 1889 646 1912 consensus
674 1877 907 1911 affirmationis
934 1882 970 1911 et
996 1877 1242 1912 ratifficationis
1268 1877 1513 1924 premissorum
1566 1878 1673 1925 Apud

213 1938 341 1972 dictum
367 1944 522 1972 nostrum
549 1937 803 1972 Monasterium
820 1946 828 1973 l
845 1937 929 1972 etin
948 1937 1103 1972 eiusdem
1121 1937 1271 1984 capitulo
1298 1938 1340 1972 ad
1368 1939 1535 1985 premissa
1561 1939 1674 1973 omnia

215 2004 250 2032 et
276 1998 411 2045 singula
431 1998 589 2033 facienda
614 1998 785 2045 legittime
805 2004 841 2033 et
858 1998 1092 2045 capitulariter
1120 1998 1163 2033 ad
1190 2011 1311 2033 sonum
1338 2011 1501 2045 campane
1528 2012 1672 2046 congre-

215 2064 296 2104 gato
312 2067 320 2093 l
337 2058 392 2093 die
407 2059 663 2106 decimoquinto
681 2059 809 2093 mensis
826 2059 911 2095 Julii
930 2072 1020 2093 anno
1039 2058 1183 2093 Domini
1201 2059 1382 2094 millesimo
1396 2059 1674 2106 quingentesimo

216 2118 567 2164 Trigesimosecundo
595 2139 601 2144 ·
626 2120 831 2155 Alexander
851 2119 1089 2154 Hammiltoun
1106 2120 1210 2154 abbas
1226 2120 1269 2154 de
1290 2119 1548 2167 Kilwynnyngs
1565 2121 1674 2156 Karo-

214 2179 268 2213 lus
285 2179 381 2213 Stule
397 2188 402 2214 s
417 2179 439 2214 J
443 2180 568 2214 acobus
584 2180 751 2226 Teyndar
767 2189 773 2216 l
787 2180 967 2216 Johannes
982 2180 1146 2215 Dothane
1164 2188 1169 2214 l
1183 2180 1205 2216 J
1208 2180 1362 2215 ohannes
1376 2180 1520 2227 Quhyte
1536 2191 1542 2218 l
1562 2181 1673 2216 Geor-

215 2239 292 2286 gius
322 2239 471 2286 Ramsay
487 2255 492 2275 J
511 2240 714 2275 Alexander
744 2242 840 2276 Scott
856 2251 861 2276 l
877 2240 1089 2275 Laurentius
1116 2240 1224 2275 Eldar
1239 2250 1244 2276 l
1261 2241 1375 2275 Adam
1397 2241 1506 2288 Spark
1524 2250 1530 2276 l
1545 2241 1673 2277 Johan-

216 2312 277 2334 nes
297 2299 400 2333 Dene
422 2312 426 2332 ι’
450 2300 601 2335 Thomas
621 2301 760 2336 Brovne
782 2311 786 2335 s
808 2301 959 2338 Jacobus
979 2301 1119 2336 Brovne
1139 2305 1143 2323 f
1166 2301 1357 2336 Willelmus
1378 2301 1512 2336 Wricht
1527 2314 1532 2337 s
1549 2303 1673 2338 Archi-
