<?xml version="1.0" encoding="UTF-8"?>
<!DOCTYPE html PUBLIC "-//W3C//DTD XHTML 1.0 Transitional//EN"
    "http://www.w3.org/TR/xhtml1/DTD/xhtml1-transitional.dtd">
<html xmlns="http://www.w3.org/1999/xhtml" xml:lang="en" lang="en">
 <head>
  <title>
</title>
<meta http-equiv="Content-Type" content="text/html;charset=utf-8" />
  <meta name='ocr-system' content='tesseract 3.04.00' />
  <meta name='ocr-capabilities' content='ocr_page ocr_carea ocr_par ocr_line ocrx_word'/>
</head>
<body>
  <div class='ocr_page' id='page_1' title='image "./libercollegiinos00mait_0371.png"; bbox 0 0 1922 2764; ppageno 0'>
   <div class='ocr_carea' id='block_1_1' title="bbox 667 202 1697 240">
    <p class='ocr_par' dir='ltr' id='par_1_1' title="bbox 667 202 1697 240">
     <span class='ocr_line' id='line_1_1' title="bbox 667 202 1697 240; baseline -0.002 -1"><span class='ocrx_word' id='word_1_1' title='bbox 667 203 842 239; x_wconf 88' lang='lat' dir='ltr'><strong>CARTE</strong></span> <span class='ocrx_word' id='word_1_2' title='bbox 873 202 1264 240; x_wconf 89' lang='lat' dir='ltr'>GLASGUENSES.</span> <span class='ocrx_word' id='word_1_3' title='bbox 1628 206 1697 239; x_wconf 76' lang='lat'>265</span> 
     </span>
    </p>
   </div>
   <div class='ocr_carea' id='block_1_2' title="bbox 235 312 1696 408">
    <p class='ocr_par' dir='ltr' id='par_1_2' title="bbox 235 312 1696 408">
     <span class='ocr_line' id='line_1_2' title="bbox 237 312 1696 359; baseline 0.001 -12"><span class='ocrx_word' id='word_1_4' title='bbox 237 312 480 347; x_wconf 86' lang='lat' dir='ltr'>Harbertsoun</span> <span class='ocrx_word' id='word_1_5' title='bbox 510 318 546 347; x_wconf 86' lang='lat' dir='ltr'>et</span> <span class='ocrx_word' id='word_1_6' title='bbox 578 313 735 348; x_wconf 86' lang='lat' dir='ltr'>Roberto</span> <span class='ocrx_word' id='word_1_7' title='bbox 768 313 843 347; x_wconf 89' lang='lat' dir='ltr'>Hill</span> <span class='ocrx_word' id='word_1_8' title='bbox 874 312 1078 359; x_wconf 85' lang='lat' dir='ltr'>presbiteris</span> <span class='ocrx_word' id='word_1_9' title='bbox 1108 325 1147 347; x_wconf 84' lang='lat' dir='ltr'>ac</span> <span class='ocrx_word' id='word_1_10' title='bbox 1180 312 1337 347; x_wconf 87' lang='lat' dir='ltr'>Roberto</span> <span class='ocrx_word' id='word_1_11' title='bbox 1371 313 1470 348; x_wconf 87' lang='lat' dir='ltr'>Steill</span> <span class='ocrx_word' id='word_1_12' title='bbox 1502 313 1588 348; x_wconf 85' lang='lat' dir='ltr'>laico</span> <span class='ocrx_word' id='word_1_13' title='bbox 1620 327 1696 348; x_wconf 87' lang='lat' dir='ltr'>cum</span> 
     </span>
     <span class='ocr_line' id='line_1_3' title="bbox 235 373 550 408; baseline 0 0"><span class='ocrx_word' id='word_1_14' title='bbox 235 374 382 408; x_wconf 88' lang='lat' dir='ltr'>diuersis</span> <span class='ocrx_word' id='word_1_15' title='bbox 402 373 476 408; x_wconf 88' lang='lat' dir='ltr'>aliis</span> <span class='ocrx_word' id='word_1_16' title='bbox 496 380 550 408; x_wconf 87' lang='lat' dir='ltr'>etc</span> 
     </span>
    </p>
   </div>
   <div class='ocr_carea' id='block_1_3' title="bbox 332 494 1696 603">
    <p class='ocr_par' dir='ltr' id='par_1_3' title="bbox 332 494 1696 603">
     <span class='ocr_line' id='line_1_4' title="bbox 332 494 1696 542; baseline 0 -12"><span class='ocrx_word' id='word_1_17' title='bbox 332 496 379 530; x_wconf 91' lang='lat' dir='ltr'>Et</span> <span class='ocrx_word' id='word_1_18' title='bbox 397 508 464 542; x_wconf 86' lang='lat' dir='ltr'>ego</span> <span class='ocrx_word' id='word_1_19' title='bbox 483 494 636 530; x_wconf 85' lang='lat' dir='ltr'>Thomas</span> <span class='ocrx_word' id='word_1_20' title='bbox 670 496 775 530; x_wconf 77' lang='lat' dir='ltr'>Knox</span> <span class='ocrx_word' id='word_1_21' title='bbox 803 496 950 530; x_wconf 83' lang='lat' dir='ltr'>clericus</span> <span class='ocrx_word' id='word_1_22' title='bbox 973 495 1204 542; x_wconf 85' lang='lat' dir='ltr'>Glasguensis</span> <span class='ocrx_word' id='word_1_23' title='bbox 1233 495 1382 530; x_wconf 86' lang='lat' dir='ltr'>ciuitatis</span> <span class='ocrx_word' id='word_1_24' title='bbox 1413 496 1571 542; x_wconf 81' lang='lat' dir='ltr'>publicus</span> <span class='ocrx_word' id='word_1_25' title='bbox 1601 508 1696 530; x_wconf 78' lang='lat' dir='ltr'>sacra</span> 
     </span>
     <span class='ocr_line' id='line_1_5' title="bbox 332 555 1436 603; baseline 0 -13"><span class='ocrx_word' id='word_1_26' title='bbox 332 556 536 590; x_wconf 83' lang='lat' dir='ltr'>auctoritate</span> <span class='ocrx_word' id='word_1_27' title='bbox 555 556 744 603; x_wconf 86' lang='lat' dir='ltr'>apostolica</span> <span class='ocrx_word' id='word_1_28' title='bbox 761 557 916 591; x_wconf 88' lang='lat' dir='ltr'>notarius</span> <span class='ocrx_word' id='word_1_29' title='bbox 938 556 1018 603; x_wconf 77' lang='lat' dir='ltr'>[etc.</span> <span class='ocrx_word' id='word_1_30' title='bbox 1036 558 1210 602; x_wconf 77' lang='lat' dir='ltr'>informa</span> <span class='ocrx_word' id='word_1_31' title='bbox 1228 555 1436 601; x_wconf 63' lang='lat' dir='ltr'>commum]</span> 
     </span>
    </p>
   </div>
   <div class='ocr_carea' id='block_1_4' title="bbox 771 678 1444 725">
    <p class='ocr_par' dir='ltr' id='par_1_4' title="bbox 771 678 1444 725">
     <span class='ocr_line' id='line_1_6' title="bbox 771 678 1444 725; baseline -0.001 -12"><span class='ocrx_word' id='word_1_32' title='bbox 771 678 924 714; x_wconf 83' lang='lat' dir='ltr'>Thomas</span> <span class='ocrx_word' id='word_1_33' title='bbox 946 679 1049 714; x_wconf 78' lang='lat' dir='ltr'>Knox</span> <span class='ocrx_word' id='word_1_34' title='bbox 1068 679 1223 714; x_wconf 86' lang='lat' dir='ltr'>notarius</span> <span class='ocrx_word' id='word_1_35' title='bbox 1242 679 1444 725; x_wconf 80' lang='lat' dir='ltr'>subscripsit</span> 
     </span>
    </p>
   </div>
   <div class='ocr_carea' id='block_1_5' title="bbox 228 860 1694 1458">
    <p class='ocr_par' dir='ltr' id='par_1_5' title="bbox 228 860 1694 1458">
     <span class='ocr_line' id='line_1_7' title="bbox 235 860 1693 909; baseline 0 -14"><span class='ocrx_word' id='word_1_36' title='bbox 235 861 301 909; x_wconf 75' lang='lat' dir='ltr'>[In</span> <span class='ocrx_word' id='word_1_37' title='bbox 319 860 447 906; x_wconf 62' lang='lat' dir='ltr'>dorsa]</span> <span class='ocrx_word' id='word_1_38' title='bbox 479 861 549 896; x_wconf 92' lang='lat' dir='ltr'>Die</span> <span class='ocrx_word' id='word_1_39' title='bbox 564 861 845 908; x_wconf 82' lang='lat' dir='ltr'>vigesimoprimo</span> <span class='ocrx_word' id='word_1_40' title='bbox 859 861 987 895; x_wconf 82' lang='lat' dir='ltr'>mensis</span> <span class='ocrx_word' id='word_1_41' title='bbox 1007 861 1220 896; x_wconf 87' lang='lat' dir='ltr'>Nouembris</span> <span class='ocrx_word' id='word_1_42' title='bbox 1238 873 1329 896; x_wconf 89' lang='lat' dir='ltr'>anno</span> <span class='ocrx_word' id='word_1_43' title='bbox 1356 861 1392 908; x_wconf 82' lang='lat' dir='ltr'>j¹¹¹</span> <span class='ocrx_word' id='word_1_44' title='bbox 1418 866 1451 895; x_wconf 69' lang='lat' dir='ltr'>vc</span> <span class='ocrx_word' id='word_1_45' title='bbox 1483 862 1565 908; x_wconf 79' lang='lat' dir='ltr'>lxvij</span> <span class='ocrx_word' id='word_1_46' title='bbox 1614 863 1693 903; x_wconf 70' lang='lat' dir='ltr'>Quo</span> 
     </span>
     <span class='ocr_line' id='line_1_8' title="bbox 231 922 1693 971; baseline 0.001 -15"><span class='ocrx_word' id='word_1_47' title='bbox 231 923 286 957; x_wconf 91' lang='lat' dir='ltr'>die</span> <span class='ocrx_word' id='word_1_48' title='bbox 306 923 464 956; x_wconf 89' lang='lat' dir='ltr'>dominus</span> <span class='ocrx_word' id='word_1_49' title='bbox 486 922 655 957; x_wconf 85' lang='lat' dir='ltr'>Ricardus</span> <span class='ocrx_word' id='word_1_50' title='bbox 677 922 921 957; x_wconf 85' lang='lat' dir='ltr'>Harbertsoun</span> <span class='ocrx_word' id='word_1_51' title='bbox 941 929 1108 957; x_wconf 77' lang='lat' dir='ltr'>executor</span> <span class='ocrx_word' id='word_1_52' title='bbox 1134 923 1310 957; x_wconf 82' lang='lat' dir='ltr'>literarum</span> <span class='ocrx_word' id='word_1_53' title='bbox 1339 923 1536 957; x_wconf 81' lang='lat' dir='ltr'>collacionis</span> <span class='ocrx_word' id='word_1_54' title='bbox 1564 931 1599 958; x_wconf 90' lang='lat' dir='ltr'>et</span> <span class='ocrx_word' id='word_1_55' title='bbox 1617 937 1693 971; x_wconf 85' lang='lat' dir='ltr'>pro-</span> 
     </span>
     <span class='ocr_line' id='line_1_9' title="bbox 231 983 1692 1032; baseline 0.001 -15"><span class='ocrx_word' id='word_1_56' title='bbox 231 984 374 1018; x_wconf 88' lang='lat' dir='ltr'>uisionis</span> <span class='ocrx_word' id='word_1_57' title='bbox 392 984 693 1030; x_wconf 81' lang='lat' dir='ltr'>retroscriptarum</span> <span class='ocrx_word' id='word_1_58' title='bbox 713 983 755 1018; x_wconf 88' lang='lat' dir='ltr'>ad</span> <span class='ocrx_word' id='word_1_59' title='bbox 773 990 973 1030; x_wconf 89' lang='lat' dir='ltr'>requestum</span> <span class='ocrx_word' id='word_1_60' title='bbox 992 983 1121 1018; x_wconf 91' lang='lat' dir='ltr'>domini</span> <span class='ocrx_word' id='word_1_61' title='bbox 1139 984 1285 1020; x_wconf 84' lang='lat' dir='ltr'>Joannis</span> <span class='ocrx_word' id='word_1_62' title='bbox 1304 983 1387 1018; x_wconf 88' lang='lat' dir='ltr'>Law</span> <span class='ocrx_word' id='word_1_63' title='bbox 1407 984 1450 1019; x_wconf 87' lang='lat' dir='ltr'>de</span> <span class='ocrx_word' id='word_1_64' title='bbox 1470 986 1692 1032; x_wconf 77' lang='lat' dir='ltr'>retroscripta</span> 
     </span>
     <span class='ocr_line' id='line_1_10' title="bbox 230 1044 1693 1091; baseline 0.001 -13"><span class='ocrx_word' id='word_1_65' title='bbox 230 1045 420 1091; x_wconf 73' lang='lat' dir='ltr'>capellania</span> <span class='ocrx_word' id='word_1_66' title='bbox 441 1045 556 1079; x_wconf 80' lang='lat' dir='ltr'>Sancti</span> <span class='ocrx_word' id='word_1_67' title='bbox 578 1044 690 1079; x_wconf 88' lang='lat' dir='ltr'>Rochi</span> <span class='ocrx_word' id='word_1_68' title='bbox 709 1044 920 1079; x_wconf 87' lang='lat' dir='ltr'>collationati</span> <span class='ocrx_word' id='word_1_69' title='bbox 950 1045 1100 1080; x_wconf 89' lang='lat' dir='ltr'>instituit</span> <span class='ocrx_word' id='word_1_70' title='bbox 1128 1045 1309 1080; x_wconf 87' lang='lat' dir='ltr'>inuestiuit</span> <span class='ocrx_word' id='word_1_71' title='bbox 1337 1052 1373 1080; x_wconf 86' lang='lat' dir='ltr'>et</span> <span class='ocrx_word' id='word_1_72' title='bbox 1400 1045 1537 1080; x_wconf 83' lang='lat' dir='ltr'>induxit</span> <span class='ocrx_word' id='word_1_73' title='bbox 1565 1046 1693 1081; x_wconf 79' lang='lat' dir='ltr'>dictum</span> 
     </span>
     <span class='ocr_line' id='line_1_11' title="bbox 228 1105 1694 1154; baseline 0.001 -14"><span class='ocrx_word' id='word_1_74' title='bbox 228 1106 401 1141; x_wconf 90' lang='lat' dir='ltr'>Joannem</span> <span class='ocrx_word' id='word_1_75' title='bbox 420 1105 503 1140; x_wconf 86' lang='lat' dir='ltr'>Law</span> <span class='ocrx_word' id='word_1_76' title='bbox 522 1106 555 1139; x_wconf 89' lang='lat' dir='ltr'>in</span> <span class='ocrx_word' id='word_1_77' title='bbox 576 1105 790 1153; x_wconf 79' lang='lat' dir='ltr'>corporalem</span> <span class='ocrx_word' id='word_1_78' title='bbox 809 1106 937 1141; x_wconf 86' lang='lat' dir='ltr'>realem</span> <span class='ocrx_word' id='word_1_79' title='bbox 957 1112 992 1141; x_wconf 89' lang='lat' dir='ltr'>et</span> <span class='ocrx_word' id='word_1_80' title='bbox 1010 1107 1177 1141; x_wconf 84' lang='lat' dir='ltr'>actualem</span> <span class='ocrx_word' id='word_1_81' title='bbox 1196 1107 1451 1154; x_wconf 85' lang='lat' dir='ltr'>possessionem</span> <span class='ocrx_word' id='word_1_82' title='bbox 1471 1107 1562 1142; x_wconf 85' lang='lat' dir='ltr'>dicte</span> <span class='ocrx_word' id='word_1_83' title='bbox 1582 1108 1694 1154; x_wconf 83' lang='lat' dir='ltr'>capel-</span> 
     </span>
     <span class='ocr_line' id='line_1_12' title="bbox 229 1166 1694 1214; baseline 0.002 -14"><span class='ocrx_word' id='word_1_84' title='bbox 229 1167 319 1201; x_wconf 87' lang='lat' dir='ltr'>lanie</span> <span class='ocrx_word' id='word_1_85' title='bbox 336 1166 420 1200; x_wconf 85' lang='lat' dir='ltr'>Diui</span> <span class='ocrx_word' id='word_1_86' title='bbox 438 1166 549 1200; x_wconf 81' lang='lat' dir='ltr'>Rochi</span> <span class='ocrx_word' id='word_1_87' title='bbox 564 1166 773 1201; x_wconf 87' lang='lat' dir='ltr'>confessoris</span> <span class='ocrx_word' id='word_1_88' title='bbox 788 1167 909 1214; x_wconf 82' lang='lat' dir='ltr'>vigore</span> <span class='ocrx_word' id='word_1_89' title='bbox 928 1167 1228 1214; x_wconf 80' lang='lat' dir='ltr'>retroscriptarum</span> <span class='ocrx_word' id='word_1_90' title='bbox 1248 1168 1424 1202; x_wconf 85' lang='lat' dir='ltr'>literarum</span> <span class='ocrx_word' id='word_1_91' title='bbox 1441 1168 1640 1203; x_wconf 86' lang='lat' dir='ltr'>collacionis</span> <span class='ocrx_word' id='word_1_92' title='bbox 1659 1177 1694 1203; x_wconf 83' lang='lat' dir='ltr'>et</span> 
     </span>
     <span class='ocr_line' id='line_1_13' title="bbox 229 1228 1694 1275; baseline 0.002 -14"><span class='ocrx_word' id='word_1_93' title='bbox 229 1228 437 1275; x_wconf 84' lang='lat' dir='ltr'>prouisionis</span> <span class='ocrx_word' id='word_1_94' title='bbox 456 1240 519 1274; x_wconf 87' lang='lat' dir='ltr'>per</span> <span class='ocrx_word' id='word_1_95' title='bbox 538 1234 665 1262; x_wconf 86' lang='lat' dir='ltr'>tactum</span> <span class='ocrx_word' id='word_1_96' title='bbox 696 1228 774 1263; x_wconf 86' lang='lat' dir='ltr'>libri</span> <span class='ocrx_word' id='word_1_97' title='bbox 794 1228 964 1263; x_wconf 78' lang='lat' dir='ltr'>oracionis</span> <span class='ocrx_word' id='word_1_98' title='bbox 983 1241 1084 1275; x_wconf 91' lang='lat' dir='ltr'>quem</span> <span class='ocrx_word' id='word_1_99' title='bbox 1103 1229 1137 1263; x_wconf 90' lang='lat' dir='ltr'>in</span> <span class='ocrx_word' id='word_1_100' title='bbox 1158 1228 1228 1263; x_wconf 90' lang='lat' dir='ltr'>suis</span> <span class='ocrx_word' id='word_1_101' title='bbox 1256 1236 1339 1263; x_wconf 87' lang='lat' dir='ltr'>tunc</span> <span class='ocrx_word' id='word_1_102' title='bbox 1367 1229 1510 1264; x_wconf 88' lang='lat' dir='ltr'>tenebat</span> <span class='ocrx_word' id='word_1_103' title='bbox 1539 1230 1694 1264; x_wconf 88' lang='lat' dir='ltr'>manibus</span> 
     </span>
     <span class='ocr_line' id='line_1_14' title="bbox 230 1289 1693 1337; baseline 0.002 -14"><span class='ocrx_word' id='word_1_104' title='bbox 230 1289 286 1323; x_wconf 84' lang='lat' dir='ltr'>Ac</span> <span class='ocrx_word' id='word_1_105' title='bbox 305 1289 369 1323; x_wconf 79' lang='lat' dir='ltr'>alia</span> <span class='ocrx_word' id='word_1_106' title='bbox 387 1289 555 1336; x_wconf 87' lang='lat' dir='ltr'>fecitque</span> <span class='ocrx_word' id='word_1_107' title='bbox 583 1289 626 1323; x_wconf 87' lang='lat' dir='ltr'>de</span> <span class='ocrx_word' id='word_1_108' title='bbox 652 1290 730 1336; x_wconf 87' lang='lat' dir='ltr'>jure</span> <span class='ocrx_word' id='word_1_109' title='bbox 759 1289 926 1337; x_wconf 87' lang='lat' dir='ltr'>requisita</span> <span class='ocrx_word' id='word_1_110' title='bbox 954 1289 1093 1325; x_wconf 89' lang='lat' dir='ltr'>fuerant</span> <span class='ocrx_word' id='word_1_111' title='bbox 1145 1290 1257 1336; x_wconf 84' lang='lat' dir='ltr'>Super</span> <span class='ocrx_word' id='word_1_112' title='bbox 1284 1290 1408 1336; x_wconf 86' lang='lat' dir='ltr'>quibus</span> <span class='ocrx_word' id='word_1_113' title='bbox 1436 1290 1510 1337; x_wconf 88' lang='lat' dir='ltr'>ipse</span> <span class='ocrx_word' id='word_1_114' title='bbox 1538 1291 1693 1326; x_wconf 79' lang='lat' dir='ltr'>Joannes</span> 
     </span>
     <span class='ocr_line' id='line_1_15' title="bbox 228 1350 1693 1396; baseline 0.003 -13"><span class='ocrx_word' id='word_1_115' title='bbox 228 1350 333 1396; x_wconf 86' lang='lat' dir='ltr'>peciit</span> <span class='ocrx_word' id='word_1_116' title='bbox 366 1351 633 1385; x_wconf 85' lang='lat' dir='ltr'>instrumentum</span> <span class='ocrx_word' id='word_1_117' title='bbox 692 1350 783 1385; x_wconf 83' lang='lat' dir='ltr'>Acta</span> <span class='ocrx_word' id='word_1_118' title='bbox 821 1350 911 1385; x_wconf 87' lang='lat' dir='ltr'>infra</span> <span class='ocrx_word' id='word_1_119' title='bbox 941 1351 1066 1386; x_wconf 88' lang='lat' dir='ltr'>dictam</span> <span class='ocrx_word' id='word_1_120' title='bbox 1098 1351 1291 1386; x_wconf 84' lang='lat' dir='ltr'>Ecclesiam</span> <span class='ocrx_word' id='word_1_121' title='bbox 1313 1351 1429 1387; x_wconf 87' lang='lat' dir='ltr'>Sancti</span> <span class='ocrx_word' id='word_1_122' title='bbox 1467 1352 1578 1386; x_wconf 84' lang='lat' dir='ltr'>Rochi</span> <span class='ocrx_word' id='word_1_123' title='bbox 1609 1352 1693 1387; x_wconf 87' lang='lat' dir='ltr'>hora</span> 
     </span>
     <span class='ocr_line' id='line_1_16' title="bbox 229 1410 1692 1458; baseline 0.002 -13"><span class='ocrx_word' id='word_1_124' title='bbox 229 1411 381 1446; x_wconf 89' lang='lat' dir='ltr'>secunda</span> <span class='ocrx_word' id='word_1_125' title='bbox 399 1418 477 1458; x_wconf 86' lang='lat' dir='ltr'>post</span> <span class='ocrx_word' id='word_1_126' title='bbox 496 1412 672 1446; x_wconf 85' lang='lat' dir='ltr'>meridiem</span> <span class='ocrx_word' id='word_1_127' title='bbox 693 1412 915 1458; x_wconf 86' lang='lat' dir='ltr'>presentibus</span> <span class='ocrx_word' id='word_1_128' title='bbox 945 1412 1089 1447; x_wconf 82' lang='lat' dir='ltr'>Matheo</span> <span class='ocrx_word' id='word_1_129' title='bbox 1117 1410 1248 1447; x_wconf 88' lang='lat' dir='ltr'>Heriot</span> <span class='ocrx_word' id='word_1_130' title='bbox 1266 1418 1302 1447; x_wconf 90' lang='lat' dir='ltr'>et</span> <span class='ocrx_word' id='word_1_131' title='bbox 1328 1413 1466 1447; x_wconf 87' lang='lat' dir='ltr'>domino</span> <span class='ocrx_word' id='word_1_132' title='bbox 1487 1413 1692 1448; x_wconf 84' lang='lat' dir='ltr'>Alexandro</span> 
     </span>
    </p>
   </div>
   <div class='ocr_carea' id='block_1_6' title="bbox 230 1472 306 1507">
    <p class='ocr_par' dir='ltr' id='par_1_6' title="bbox 230 1472 306 1507">
     <span class='ocr_line' id='line_1_17' title="bbox 230 1472 306 1507; baseline 0 -1"><span class='ocrx_word' id='word_1_133' title='bbox 230 1472 306 1507; x_wconf 89' lang='lat' dir='ltr'>Bell</span> 
     </span>
    </p>
   </div>
   <div class='ocr_carea' id='block_1_7' title="bbox 446 1595 1691 1704">
    <p class='ocr_par' dir='ltr' id='par_1_7' title="bbox 446 1595 1691 1704">
     <span class='ocr_line' id='line_1_18' title="bbox 446 1595 1691 1645; baseline 0.002 -15"><span class='ocrx_word' id='word_1_134' title='bbox 446 1595 500 1630; x_wconf 84' lang='lat' dir='ltr'>Ita</span> <span class='ocrx_word' id='word_1_135' title='bbox 518 1602 571 1630; x_wconf 84' lang='lat' dir='ltr'>est</span> <span class='ocrx_word' id='word_1_136' title='bbox 593 1595 745 1631; x_wconf 84' lang='lat' dir='ltr'>Thomas</span> <span class='ocrx_word' id='word_1_137' title='bbox 766 1596 870 1630; x_wconf 82' lang='lat' dir='ltr'>Knox</span> <span class='ocrx_word' id='word_1_138' title='bbox 888 1597 1043 1631; x_wconf 87' lang='lat' dir='ltr'>notarius</span> <span class='ocrx_word' id='word_1_139' title='bbox 1062 1597 1220 1643; x_wconf 84' lang='lat' dir='ltr'>publicus</span> <span class='ocrx_word' id='word_1_140' title='bbox 1239 1598 1273 1631; x_wconf 87' lang='lat' dir='ltr'>in</span> <span class='ocrx_word' id='word_1_141' title='bbox 1302 1598 1477 1643; x_wconf 87' lang='lat' dir='ltr'>premissis</span> <span class='ocrx_word' id='word_1_142' title='bbox 1505 1599 1691 1645; x_wconf 75' lang='lat' dir='ltr'>requisitus</span> 
     </span>
     <span class='ocr_line' id='line_1_19' title="bbox 447 1657 931 1704; baseline 0.004 -14"><span class='ocrx_word' id='word_1_143' title='bbox 447 1669 549 1691; x_wconf 84' lang='lat' dir='ltr'>manu</span> <span class='ocrx_word' id='word_1_144' title='bbox 568 1658 708 1704; x_wconf 88' lang='lat' dir='ltr'>propria</span> <span class='ocrx_word' id='word_1_145' title='bbox 726 1657 931 1704; x_wconf 88' lang='lat' dir='ltr'>subscripsit</span> 
     </span>
    </p>
   </div>
  </div>
 </body>
</html>
