1922 2764
617 222 833 258 ORDINIS
862 221 1297 258 PREDICATORUM.
1616 229 1683 261 ‘201

229 333 377 368 Crucem
398 333 556 368 Foralem
578 333 836 379 Glasguensem
880 332 967 367 Item
987 344 1049 367 sex
1079 332 1207 367 solidos
1233 332 1275 367 de
1302 333 1453 380 quinque
1483 335 1576 370 rodis
1594 340 1688 370 terre

227 394 427 441 campestris
448 394 595 429 Walteri
625 394 764 428 Rankin
792 394 987 440 jacentibus
1006 393 1040 427 in
1060 393 1092 428 le
1123 393 1354 440 Palyartcroft
1382 408 1490 442 prope
1512 396 1688 443 Capellam

229 455 354 489 Sancte
374 454 530 489 Thanew
548 454 639 489 inter
658 460 768 489 terras
788 454 905 489 Dauid
927 454 1068 502 Wyntir
1087 467 1130 489 ex
1150 461 1295 502 vtraque
1314 462 1412 502 parte
1456 457 1543 491 Item
1564 459 1688 493 consti-

226 521 285 549 tuo
321 521 356 549 et
389 515 512 549 ordino
543 512 717 549 dominum
754 521 925 550 rectorem
957 516 1044 550 alme
1076 515 1327 551 Vniuersitatis
1359 517 1591 564 Glasguensis
1625 532 1688 566 pro

225 582 381 622 tempore
401 576 610 611 existentem
630 581 666 610 et
682 582 849 622 regentes
867 576 901 611 in
923 577 1084 623 Collegio
1102 577 1231 612 arcium
1250 578 1353 625 studij
1377 578 1590 625 Glasguensi
1609 593 1688 615 nec-

225 648 294 670 non
323 637 536 683 prepositum
557 643 592 672 et
614 637 760 672 balliuos
788 638 880 672 dicte
899 638 1048 673 ciuitatis
1071 639 1303 685 Glasguensis
1321 646 1586 675 conseruatores
1613 654 1689 688 pre-

224 697 293 732 fate
312 697 502 745 capellanie
521 707 530 734 1
546 698 602 745 qui
622 699 665 733 ad
684 698 791 745 ipsam
811 699 994 734 attendent
1012 705 1047 734 et
1065 700 1284 735 ascultabunt
1313 700 1361 735 ita
1379 702 1470 748 quod
1498 701 1531 736 in
1551 702 1689 737 defectu

225 771 284 793 seu
304 759 526 806 negligencia
552 760 785 807 predictorum
815 760 976 795 Fratrum
1002 760 1200 796 nullatenus
1227 762 1301 809 ipsa
1319 762 1508 809 capellania
1526 763 1689 801 deficiet!

225 819 272 854 Et
290 832 371 854 casu
389 833 457 867 quo
484 820 549 867 ipsi
577 820 718 855 Fratres
745 821 969 868 negligentes
996 821 1030 856 in
1057 822 1235 869 premissis
1261 829 1320 858 aut
1338 823 1527 871 culpabiles
1554 824 1688 860 inuenti

223 880 353 916 fuerint
371 882 463 928 quod
482 881 571 916 absit
589 881 633 916 do
652 891 688 916 et
704 894 768 929 per
786 888 943 917 tenorem
962 882 1063 917 huius
1082 883 1201 930 scripti
1216 884 1370 918 concedo
1389 884 1490 919 dictis
1508 886 1636 920 rectori
1655 894 1690 921 et

223 943 427 989 regentibus
446 942 623 990 preposito
637 955 676 977 ac
689 943 826 978 balliuis
844 956 953 978 meam
969 943 1196 978 omnimodam
1215 950 1423 991 potestatem
1439 952 1474 980 et
1492 947 1688 982 mandatum

224 1004 374 1051 speciale
393 1004 435 1039 ad
463 1004 742 1051 distringendum
769 1011 804 1040 et
822 1005 1098 1052 compellendum
1132 1005 1272 1040 eosdem
1305 1006 1446 1041 Fratres
1474 1020 1587 1042 coram
1619 1009 1688 1043 suis

225 1065 461 1112 superioribus
486 1078 550 1113 pro
569 1066 822 1113 complemento
848 1065 1094 1113 premissorum
1137 1066 1180 1102 ΙΝ
1202 1079 1359 1105 QUORUM
1378 1068 1529 1103 omnium
1558 1075 1594 1104 et
1623 1070 1689 1104 sin-

222 1126 382 1172 gulorum
402 1127 503 1161 fidem
524 1132 560 1162 et
577 1127 812 1162 testimonium
843 1127 1087 1174 premissorum
1109 1127 1189 1162 huic
1206 1128 1404 1163 fundacioni
1424 1142 1490 1176 que
1509 1142 1585 1165 cum
1613 1144 1689 1178 pre-

223 1189 302 1223 fatis
320 1189 499 1236 preposito
518 1195 553 1224 et
571 1188 708 1224 balliuis
726 1189 866 1224 nomine
884 1202 962 1224 meo
981 1189 1014 1223 in
1034 1190 1191 1224 custodia
1209 1191 1403 1226 remanebit
1427 1204 1617 1238 appensum
1637 1200 1690 1228 est

225 1249 375 1296 sigillum
403 1262 583 1284 commune
602 1250 684 1285 dicti
712 1256 904 1284 conuentus
927 1250 1159 1297 Glasguensis
1177 1263 1324 1286 vnacum
1352 1252 1474 1299 sigillis
1500 1254 1689 1288 reuerendi

222 1311 329 1358 patris
349 1311 481 1346 Fratris
494 1311 665 1347 Johannis
684 1311 789 1346 Mure
809 1324 904 1346 sacre
921 1311 1097 1358 theologie
1116 1312 1313 1359 bachallarij
1330 1325 1369 1347 30
1387 1313 1420 1347 in
1441 1326 1551 1360 regno
1570 1315 1690 1350 Scocie

223 1372 378 1406 eiusdem
406 1372 536 1406 ordinis
560 1372 688 1407 Prioris
717 1372 944 1407 Prouincialis
962 1382 970 1409 l
987 1378 1022 1407 et
1043 1372 1279 1408 Diffinitorum
1299 1374 1440 1421 capituli
1467 1375 1688 1422 prouincialis

223 1433 387 1468 videlicet
408 1433 538 1468 Fratris
558 1433 677 1468 Dauid
697 1433 793 1479 Crag
822 1433 952 1467 Prioris
971 1434 1054 1468 dieti
1074 1440 1268 1469 conuentus
1290 1435 1523 1482 Glasguensis
1558 1437 1689 1472 Fratris

226 1494 391 1529 Willelmi
412 1494 521 1529 Rerik
541 1494 671 1529 Prioris
689 1501 883 1529 conuentus
898 1495 941 1529 de
959 1494 1189 1541 Edinburghe
1233 1495 1365 1530 Fratris
1379 1495 1549 1532 Johannis
1566 1497 1689 1544 Penny

226 1555 354 1590 Prioris
373 1562 565 1590 conuentus
584 1555 628 1590 de
649 1555 832 1590 Abirdene
851 1561 887 1590 et
911 1555 1043 1590 Fratris
1069 1556 1240 1592 Johannis
1261 1556 1360 1591 Rede
1391 1557 1520 1592 Prioris
1539 1571 1690 1594 conuen-

222 1623 278 1652 tus
305 1617 339 1651 in
361 1617 618 1652 Sanctoandrea
634 1625 643 1654 l
659 1617 815 1652 manibus
842 1617 949 1651 eciam
978 1617 1128 1664 proprijs
1155 1617 1320 1664 appositis
1367 1618 1407 1652 In
1436 1619 1585 1665 capitulo
1614 1632 1689 1666 pro-

224 1678 361 1712 uinciali
376 1684 473 1713 tento
488 1678 579 1725 apud
594 1678 824 1724 Edinburghe
839 1678 895 1713 die
910 1678 1167 1724 decimoquinto
1186 1679 1314 1712 mensis
1328 1679 1424 1725 Junij
1440 1692 1531 1714 anno
1546 1680 1688 1714 Domini

223 1739 1138 1786 millesimoquadringentesimooctuagesimoseptimo
1157 1751 1232 1773 cum
1248 1752 1392 1774 assensu
1412 1740 1542 1786 pariter
1561 1748 1596 1775 et
1610 1754 1689 1776 con-

224 1812 328 1834 sensu
357 1806 550 1834 ceterorum
578 1800 738 1834 Fratrum
767 1800 922 1835 eiusdem
951 1800 1082 1834 ordinis
1109 1800 1142 1833 in
1171 1799 1263 1834 dicto
1282 1800 1433 1847 capitulo
1460 1801 1687 1836 existencium

227 1859 352 1894 Coram
371 1860 437 1906 hijs
465 1860 613 1894 testibus
640 1861 832 1895 venerabili
850 1861 925 1895 viro
952 1861 1117 1907 magistro
1145 1860 1352 1895 Alexandro
1380 1861 1543 1897 Bothuile
1562 1863 1689 1897 vicario

225 1920 268 1954 de
288 1919 552 1966 Mussilburghe
587 1920 725 1954 domino
743 1920 876 1956 Jacobo
896 1920 1118 1955 Thomesone
1146 1921 1325 1967 capellano
1370 1921 1567 1957 Laurencio
1595 1923 1688 1958 Wal-

224 1981 297 2015 lace
315 1981 491 2026 burgense
518 1980 620 2026 burgi
650 1980 693 2015 de
720 1980 951 2027 Edinburghe
994 1981 1125 2016 Jacobo
1158 1981 1292 2028 Nigelli
1319 1983 1452 2017 notario
1484 1984 1622 2030 publico
1655 1992 1688 2020 et

225 2041 396 2076 Nicholao
415 2041 618 2076 Cristesone
638 2054 714 2076 cum
732 2041 848 2076 multis
866 2041 942 2088 alijs
964 2062 970 2068 ·

224 2163 303 2211 Ego
320 2163 444 2198 Frater
461 2163 641 2199 ,Iohannes
661 2163 765 2198 Mure
783 2164 1005 2211 prouincialis
1032 2164 1186 2211 approbo
1205 2164 1337 2199 ratifico
1364 2171 1399 2200 et
1418 2167 1582 2202 confirmo
1601 2168 1688 2203 han(-

319 2224 584 2272 suprascriptam
602 2237 727 2260 nouam
746 2224 990 2260 fundacionem
1008 2231 1098 2260 teste
1117 2237 1219 2260 manu
1238 2226 1377 2273 propria

930 2289 982 2315 20
