1922 2764
55 1141 173 1175 xxviii.

228 237 298 268 254
817 234 1097 270 APPENDIX.

226 344 375 378 ciuitatis
395 355 439 378 ex
457 350 555 390 parte
574 343 716 378 australi
735 344 777 378 ab
796 356 865 379 vna
893 350 929 379 et
953 344 1123 380 Johannis
1150 343 1194 379 de
1215 343 1334 379 Schaw
1353 357 1398 379 ex
1425 351 1521 392 parte
1549 350 1686 392 septen-

225 405 363 439 trionali
381 405 535 452 partibus
554 405 596 439 ab
614 404 724 439 altera
745 425 750 431 ·
775 405 870 440 Acta
887 405 1029 439 fuerunt
1046 405 1111 440 hec
1129 405 1219 452 apud
1238 405 1365 440 dictum
1384 405 1526 440 fundum
1544 417 1686 452 presen-

224 465 316 500 tibus
330 465 457 500 ibidem
472 465 626 512 prouidis
640 465 724 500 viris
737 465 761 501 J
763 465 899 500 ohanne
915 465 1055 512 Hawyk
1068 465 1195 500 balliuo
1210 466 1292 501 dicti
1306 466 1407 512 burgi
1439 466 1558 501 Dauid
1577 466 1685 513 Hyne

223 526 383 562 Johanne
406 526 505 561 Rede
528 546 535 552 ·
559 526 716 560 Roberto
735 525 902 560 Maxwell
945 526 1101 561 Roberto
1119 526 1226 573 Wyly
1248 547 1254 553 ·
1279 526 1437 561 Roberto
1454 526 1498 561 de
1517 526 1685 572 Fawsyde

225 587 383 622 Roberto
410 586 554 621 Brostar
606 586 764 621 Roberto
792 586 913 621 Burell
963 586 1140 622 Willelmo
1165 586 1321 623 Jaksoun
1367 586 1542 622 Willelmo
1569 586 1656 621 Blak
1678 607 1685 613 -

225 647 361 683 Thoma
375 648 495 682 Kerde
516 647 746 694 burgensibus
761 647 844 682 dicti
863 647 965 694 burgi
984 647 1027 682 de
1047 647 1183 694 Glasgu
1205 667 1212 674 ·
1235 647 1399 694 magistro
1415 647 1561 682 Andrea
1577 647 1684 694 Hyne

224 709 370 744 dominis
388 709 411 745 J
414 709 550 744 ohanne
570 708 754 743 Michaelis
773 708 916 754 notarijs
935 707 1081 755 publicis
1126 707 1302 743 Willelmo
1318 708 1437 749 Qwhit
1454 714 1490 743 et
1509 708 1684 743 Willelmo

224 772 268 806 de
290 770 512 806 Carrutheris
540 770 743 817 presbiteris
762 782 838 804 cum
865 770 1013 804 diuersis
1040 770 1115 804 aliis
1142 769 1288 805 testibus
1311 790 1317 796 ·
1338 770 1499 806 Johanne
1528 770 1683 805 Restone

224 832 419 879 presbitero
441 831 673 878 Glasguensis
692 831 840 866 diocesis
859 830 993 865 notario
1012 830 1149 877 publico
1172 852 1177 856 ·

225 1013 282 1060 viij
311 1013 412 1048 solidi
431 1013 474 1048 de
493 1019 696 1048 tenemento
715 1012 863 1048 Dauidis
885 1014 993 1060 Spei-e

226 1107 281 1173 In
301 1138 373 1173 Dei
399 1138 538 1173 nomine
558 1139 674 1174 Amen
702 1151 765 1186 per
783 1139 847 1173 hoc
875 1139 1138 1173 instrumentum
1167 1145 1284 1185 pateat
1301 1139 1390 1185 quod
1419 1151 1509 1174 anno
1531 1139 1685 1173 incarna-

225 1199 334 1234 cionis
360 1199 545 1234 Dominice
572 1199 755 1234 millesimo
782 1199 1125 1246 quadringentesimo
1153 1199 1531 1247 septuagesimoquinto
1558 1200 1685 1234 mensis

225 1273 310 1295 vero
328 1260 453 1307 Marcij
474 1261 531 1296 die
561 1261 672 1308 primo
716 1261 757 1295 In
776 1261 842 1307 mej
863 1261 986 1307 notarij
1019 1260 1145 1307 publicj
1179 1266 1215 1295 et
1244 1260 1383 1295 testium
1415 1260 1685 1308 subscriptorum

222 1322 405 1368 presencia
430 1321 549 1356 Dauid
580 1322 690 1369 Spere
717 1322 902 1368 burgensis
929 1328 965 1356 et
991 1321 1076 1356 ciuis
1099 1321 1331 1368 Glasguensis
1350 1321 1509 1356 vendidit
1534 1322 1685 1356 discreto

222 1383 297 1417 viro
316 1383 455 1418 domino
476 1383 634 1418 Henrico
652 1382 786 1418 Mowse
806 1383 934 1418 vicario
962 1383 1170 1418 ministranti
1196 1383 1231 1417 in
1250 1383 1355 1417 choro
1377 1382 1590 1430 Glasguensi
1608 1396 1685 1430 pro-

223 1444 373 1478 curatori
390 1456 430 1479 ac
448 1444 580 1479 sindico
599 1449 635 1479 et
652 1456 694 1478 eo
709 1444 847 1478 nomine
867 1444 1017 1478 omnium
1032 1444 1237 1479 vicariorum
1256 1444 1291 1478 in
1310 1444 1433 1479 eodem
1447 1444 1552 1479 choro
1570 1444 1685 1479 minis-

223 1505 386 1540 trantium
405 1512 483 1540 octo
502 1505 630 1539 solidos
661 1506 763 1552 annuj
797 1505 954 1540 redditus
974 1506 1015 1540 ad
1036 1518 1116 1540 vsus
1148 1506 1299 1553 ipsorum
1318 1506 1522 1541 vicariorum
1549 1513 1584 1541 et
1611 1519 1684 1541 suc-

224 1579 399 1601 cessorum
418 1579 556 1601 suorum
575 1566 797 1614 applicandos
816 1567 859 1600 de
878 1573 1079 1601 tenemento
1098 1567 1205 1613 ipsius
1232 1567 1351 1601 Dauid
1374 1568 1512 1614 jacente
1540 1567 1574 1601 in
1594 1568 1684 1602 dicta

224 1628 364 1662 ciuitate
380 1627 594 1673 Glasguensi
608 1627 642 1661 in
657 1627 790 1672 Magno
805 1627 895 1662 Vico
908 1627 1062 1662 eiusdem
1075 1628 1243 1662 tendente
1255 1628 1296 1662 ab
1309 1627 1468 1662 Ecclesia
1479 1628 1522 1662 ad
1535 1627 1683 1663 Crucem

224 1688 304 1735 Forj
334 1701 379 1723 ex
409 1694 507 1735 parte
534 1688 694 1723 orientali
726 1688 816 1723 inter
840 1695 1041 1723 tenementa
1072 1688 1266 1736 Hospitalis
1298 1688 1492 1735 Pauperum
1511 1701 1555 1723 ex
1586 1695 1683 1736 parte

224 1750 346 1784 boriali
364 1757 399 1784 et
418 1749 554 1784 Thome
573 1749 616 1783 de
646 1749 811 1796 Mynteth
830 1761 875 1784 ex
902 1756 1000 1797 parte
1027 1750 1167 1784 australi
1190 1771 1195 1776 ·
1221 1749 1312 1785 Acta
1337 1750 1477 1785 fuerunt
1503 1750 1568 1785 hec
1593 1751 1683 1797 apud

222 1810 366 1845 fundum
385 1810 467 1845 dicti
486 1810 677 1845 tenementi
695 1810 915 1857 presentibus
934 1810 1061 1845 ibidem
1078 1811 1101 1847 J
1105 1811 1239 1845 ohanne
1261 1811 1438 1846 Robisone
1457 1818 1539 1846 tunc
1558 1811 1684 1846 balliuo

223 1872 324 1918 burgi
355 1872 514 1906 discretis
530 1872 611 1905 viris
626 1872 790 1918 magistro
808 1871 983 1906 Richardo
1001 1871 1163 1919 Hugonis
1195 1873 1333 1907 domino
1348 1873 1496 1908 Patricio
1517 1873 1683 1908 Caldwell

223 1933 266 1967 de
295 1932 419 1967 Culter
453 1933 547 1968 Petri
579 1940 615 1967 et
648 1933 865 1967 Stewartoun
899 1933 1121 1967 ecclesiarum
1149 1933 1286 1968 vicariis
1338 1934 1495 1969 Roberto
1524 1934 1612 1968 Blak
1649 1941 1683 1968 et

221 1994 243 2030 J
247 1994 382 2028 ohanne
397 1994 547 2040 Rankyn
564 1994 696 2028 civibus
711 1994 803 2029 dicte
818 1994 967 2028 ciuitatis
982 2007 1057 2029 cum
1077 1994 1224 2029 diuersis
1239 1994 1313 2029 aliis
1327 1995 1473 2030 testibus
1495 2016 1501 2022 ·
1523 1994 1545 2031 J
1548 1995 1682 2029 ohanne

224 2055 267 2089 de
288 2055 468 2089 Restoune
487 2055 683 2102 presbitero
705 2055 937 2102 Glasguensis
956 2056 1104 2091 diocesis
1122 2057 1257 2091 notario
1276 2057 1414 2104 publico
1437 2079 1442 2084 ·
