1922 2764
203 236 272 271 No.
294 233 377 280 111.]
739 233 846 269 THE
875 234 1123 270 PREFACE.
1566 241 1664 274 mix

202 333 392 362 emolimentis
412 337 442 361 et
462 333 584 362 deuoriis
598 332 815 370 quibuscunque
836 342 891 370 que
908 332 1059 361 Fratribus
1076 333 1302 362 Dominicalibus
1323 344 1372 363 seu
1390 336 1624 365 Predicatoribus
1638 342 1667 365 et

205 396 366 425 Minoribus
380 405 430 425 seu
446 395 645 424 Franciscanis
660 395 736 423 dicte
750 399 846 424 nostre
860 394 988 423 ciuitatis
1003 394 1038 423 de
1055 394 1170 431 Glasgw
1183 395 1315 432 perprius
1331 397 1532 433 pertinuerunt
1544 407 1668 427 vuacum

203 459 336 488 omnibus
357 463 387 487 et
406 459 525 496 singulis
547 458 631 487 terris
652 457 783 487 domibus
804 457 1034 495 tenementisque
1054 456 1219 494 jacentibus
1234 457 1311 486 infra
1326 458 1434 487 dictam
1448 464 1575 488 nostram
1596 462 1668 489 ciui-

203 525 293 550 tatem
307 526 337 550 et
350 521 514 551 libertatem
527 521 656 550 eiusdem
681 521 756 550 Cum
769 520 901 549 omnibus
914 520 1019 549 annuis
1033 519 1193 548 redditibus
1208 519 1242 548 de
1257 529 1428 558 quacunque
1443 521 1526 550 domo
1543 524 1626 550 terris
1641 528 1669 551 et

203 588 368 614 tenemento
382 585 458 613 infra
471 585 580 613 dictam
593 588 722 613 nostram
736 583 885 613 ciuitatem
898 583 1030 612 leuandis
1044 583 1119 611 datis
1133 582 1246 611 donatis
1261 586 1290 611 et
1304 583 1431 611 fundatis
1450 584 1669 622 quibuscunque

204 646 357 684 capellanis
380 646 527 684 alteragiis
549 646 677 675 ecclesiis
701 645 866 675 mortuariis
890 650 941 674 aut
961 645 1166 674 anniuersariis
1180 645 1343 682 Vbicunque
1368 645 1429 673 siue
1454 645 1530 674 infra
1550 657 1669 684 regnum

205 714 335 738 nostrum
350 709 484 738 Aeetiam
497 719 564 738 cum
578 709 710 738 omnibus
724 713 754 738 et
770 708 889 746 singulis
900 708 1002 737 annuis
1013 708 1173 737 redditibus
1187 713 1217 737 et
1230 707 1294 737 aliis
1309 708 1437 737 deuoriis
1452 709 1542 737 solitis
1557 715 1606 738 aut
1620 711 1669 747 qui

204 782 255 810 per
276 782 477 810 quamcunque
498 772 649 801 ecelesiam
670 776 751 801 extra
770 772 879 801 dictam
901 776 1029 801 nostram
1042 772 1193 801 ciuitatem
1212 782 1229 801 a
1252 773 1397 811 preposito
1417 777 1447 801 et
1466 773 1581 802 balliuis
1595 775 1670 803 eius-

207 835 274 863 dem
293 835 328 864 de
350 834 496 864 communi
519 835 633 864 redditu
657 834 785 863 eiusdem
806 844 856 873 pro
878 835 1021 872 suffragiis
1041 835 1219 864 celebrandis
1239 836 1408 864 demandari
1437 836 1585 873 potuerint
1609 847 1674 865 cum

206 897 386 935 pertinentiis
427 898 587 926 TENENDAS
615 902 644 925 et
670 897 814 926 habendas
841 906 940 926 omnes
968 902 997 926 et
1023 897 1151 935 singulas
1177 897 1304 935 prefatas
1331 902 1423 926 terras
1450 902 1480 926 et
1508 903 1674 928 tenementa

206 961 304 989 domos
327 960 441 989 edificia
463 960 591 998 pomeria
614 965 689 989 ortos
713 960 818 989 croftas
845 970 954 989 annuos
978 960 1107 989 redditus
1131 960 1242 989 fructus
1265 960 1396 989 deuorias
1424 961 1551 998 proficua
1575 962 1674 989 emoli-

205 1027 304 1051 menta
323 1023 418 1051 firmas
437 1022 610 1052 elemozinas
631 1023 724 1051 obitus
744 1023 943 1051 anniuersaria
962 1023 1096 1052 ecclesias
1116 1022 1240 1061 capellas
1263 1023 1401 1052 Fratrum
1422 1023 1486 1052 loca
1505 1028 1583 1052 ortos
1604 1034 1670 1052 cum

203 1086 384 1124 pertinentiis
404 1086 522 1124 prefatis
536 1085 678 1124 preposito
698 1085 813 1114 balliuis
833 1086 996 1114 consulibus
1010 1091 1039 1114 et
1058 1086 1259 1115 communitati
1280 1095 1436 1124 eorumque
1458 1087 1671 1115 successoribus

207 1149 241 1177 de
255 1148 336 1177 nobis
351 1153 380 1177 et
399 1149 607 1177 successoribus
627 1148 731 1177 nostris
751 1148 964 1186 imperpetuum
983 1153 1069 1186 prout
1089 1148 1189 1186 jacent
1209 1149 1239 1177 in
1263 1149 1443 1186 longitudine
1465 1154 1495 1177 et
1517 1149 1674 1177 latitudine

208 1211 238 1239 in
252 1211 383 1240 domibus
397 1211 517 1240 edificiis
531 1211 619 1240 muris
634 1211 784 1240 muremiis
797 1211 884 1249 lignis
905 1211 999 1249 lapide
1019 1215 1049 1240 et
1062 1211 1140 1240 calce
1161 1221 1228 1240 cum
1242 1211 1332 1240 libero
1346 1211 1470 1240 introitu
1485 1216 1515 1240 et
1529 1213 1606 1240 exitu
1622 1218 1675 1240 etc.

209 1274 252 1301 Ac
273 1283 341 1302 cum
360 1274 491 1302 omnibus
512 1273 576 1303 aliis
597 1278 626 1302 et
646 1273 766 1311 singulis
789 1274 972 1303 libertatibus
992 1274 1246 1303 commoditatibus
1266 1274 1399 1312 proficuis
1414 1279 1443 1303 et
1457 1275 1626 1303 asiamentis
1640 1285 1673 1303 ac

207 1336 289 1365 iustis
309 1336 368 1365 suis
388 1337 569 1374 pertinentiis
590 1337 807 1374 quibuscunque
821 1341 882 1366 tam
896 1346 953 1366 non
968 1337 1123 1365 nominatis
1137 1346 1225 1374 quam
1238 1337 1396 1366 nominatis
1411 1341 1470 1365 tam
1488 1338 1587 1366 subtus
1602 1343 1677 1366 terra
1711 1335 1713 1337 ’

207 1408 294 1436 quam
316 1409 401 1437 supra
422 1403 529 1428 terram
548 1399 585 1428 ad
605 1400 748 1437 predictas
769 1404 860 1429 terras
882 1404 1045 1429 tenementa
1065 1400 1164 1429 domos
1184 1400 1299 1429 edificia
1318 1401 1446 1438 pomeria
1469 1406 1544 1429 ortos
1571 1402 1677 1430 croftas

206 1472 316 1491 annuos
330 1462 459 1491 redditus
472 1463 583 1491 fructus
598 1462 729 1492 deuorias
743 1467 773 1491 et
787 1463 844 1492 alia
854 1463 1015 1501 prescripta
1036 1473 1103 1491 cum
1123 1463 1305 1500 pertinentiis
1327 1464 1522 1501 spectantibus
1537 1473 1587 1492 seu
1603 1464 1678 1492 iuste

207 1530 335 1562 spectare
349 1524 509 1553 valentibus
522 1525 737 1562 quomodolibet
751 1525 780 1553 in
796 1525 927 1554 futurum
943 1525 1032 1554 libere
1050 1526 1146 1563 quiete
1162 1526 1290 1564 plenarie
1305 1526 1415 1564 integre
1437 1527 1591 1555 honorifice
1606 1528 1677 1555 bene

208 1587 281 1615 etin
294 1597 364 1625 pace
378 1588 485 1625 absque
506 1588 687 1617 reuocatione
708 1593 759 1616 aut
780 1588 1007 1617 contradictione
1029 1599 1199 1626 quacunque
1229 1589 1293 1618 Con
1310 1598 1487 1618 rornsrxrn
1508 1591 1677 1618 memoratis⁴

208 1649 350 1686 preposito
359 1649 473 1678 balliuis
482 1649 645 1679 consulibus
654 1654 684 1678 et
695 1650 896 1679 communitati
906 1655 936 1680 et
946 1651 1073 1689 ipsorum
1082 1652 1292 1680 successoribus
1302 1661 1352 1689 per
1361 1652 1467 1689 seipsos
1482 1656 1532 1680 aut
1546 1652 1674 1690 ipsorum

209 1711 374 1740 collectores
395 1721 465 1749 quos
485 1712 661 1741 constituent
682 1712 806 1750 prefatos
827 1722 937 1742 annuos
958 1714 1088 1742 redditus
1106 1715 1216 1742 fructus
1238 1714 1369 1742 deuorias
1390 1715 1516 1751 proficua
1536 1718 1565 1742 et
1579 1714 1678 1742 emoli-

211 1780 307 1804 menta
316 1785 498 1813 quoscunque
513 1775 628 1805 leuandi
641 1780 670 1804 et
682 1776 841 1814 recipiendi
855 1777 1017 1814 vbicunque
1032 1777 1161 1815 perprius
1176 1777 1264 1805 leuati
1280 1777 1396 1806 fuerant
1410 1777 1534 1814 prefatas
1548 1781 1638 1805 terras
1652 1782 1682 1805 et

211 1843 376 1868 tenementa
389 1838 501 1868 locandi
515 1843 545 1867 et
559 1839 727 1867 remouendi
741 1839 804 1868 loca
818 1839 915 1868 diruta
923 1839 1074 1868 extruendi
1090 1843 1120 1867 et
1133 1839 1285 1875 reparandi
1305 1839 1462 1876 eademque
1477 1839 1508 1866 in
1528 1839 1681 1876 hospitalia

211 1906 261 1929 aut
274 1901 345 1930 alios
360 1901 467 1930 similes
482 1911 548 1930 vsus
563 1902 708 1939 legitimos
722 1906 806 1939 prout
819 1902 888 1939 ipsis
903 1912 970 1930 cum
983 1902 1162 1930 auisamcnto
1176 1902 1375 1930 ministrorum
1390 1906 1419 1930 et
1433 1901 1580 1930 seniorum
1601 1902 1677 1931 dicte

212 1968 308 1993 nostre
328 1963 456 1992 ciuitatis
476 1964 621 1993 videbitur
641 1964 796 1993 reducendi
818 1969 847 1993 et
868 1965 1030 2002 applicandi
1056 1965 1126 1993 adeo
1149 1965 1238 1993 libere
1260 1965 1290 1992 in
1312 1964 1444 1993 omnibus
1466 1965 1550 1993 sicuti
1575 1965 1679 2003 prefati

211 2026 393 2064 prebendarii
413 2026 552 2064 capellani
573 2031 603 2055 et
618 2027 733 2055 Fratres
754 2027 904 2065 prescripti
925 2027 1033 2056 eisdem
1052 2027 1184 2065 perprius
1204 2027 1329 2065 gaudere
1344 2027 1515 2065 easdemque
1530 2028 1676 2066 possidere

211 2089 371 2127 potuissent
405 2089 560 2118 Memorati
580 2094 678 2118 autem
697 2090 857 2127 prepositus
878 2090 978 2118 balliui
992 2090 1122 2118 consules
1143 2095 1173 2118 et
1192 2099 1291 2118 eorum
1312 2100 1487 2119 successores
1502 2092 1677 2119 tenebuntur

212 2156 241 2180 et
261 2151 372 2180 astricti
392 2156 477 2180 erunt
500 2151 646 2180 ministros
670 2152 789 2180 lectores
809 2157 839 2180 et
858 2152 917 2180 alia
936 2152 1132 2181 ecclesiastica
1153 2161 1239 2181 onera
1259 2153 1380 2190 prefatis
1401 2153 1504 2181 annuis
1519 2153 1679 2182 redditibus

212 2214 346 2252 proficuis
368 2219 398 2244 et
422 2214 547 2243 deuoriis
568 2214 725 2243 secundum
745 2215 874 2244 valorem
894 2220 924 2244 et
944 2215 1137 2253 quantitatem
1162 2216 1319 2245 eorundem
1343 2216 1482 2245 sustinere
1512 2217 1630 2254 locaque
1651 2222 1681 2245 et

214 2277 326 2306 edificia
340 2276 498 2314 reparanda
511 2277 540 2305 iu
552 2276 778 2314 hospitalitatem
792 2282 821 2306 et
834 2277 905 2307 alios
913 2287 979 2307 vsus
990 2279 1159 2317 prescriptos
1169 2278 1314 2317 applicare
1330 2279 1571 2308 Coxsxnmimns
1583 2279 1679 2317 itaque
