1922 2764
48 1989 156 2012 XXXX.

642 215 818 251 CARTE
849 216 1240 252 GLASGUENSES.
1603 220 1674 255 263

209 325 359 360 omnium
390 325 544 360 eiusdem
582 325 748 360 inducere
779 331 815 360 et
845 325 1027 360 instituere
1065 325 1312 373 inductumque
1344 333 1380 362 et
1413 327 1606 363 institutum
1638 329 1671 363 in

209 386 330 421 eadem
342 386 506 421 canonice
519 386 711 421 defendere
726 386 859 433 sibique
873 387 928 422 vel
943 387 1224 433 procuratoribus
1238 387 1308 422 suis
1323 388 1502 434 legittimis
1517 389 1673 436 pluribus

208 453 267 482 aut
281 447 340 481 vni
358 447 401 482 de
417 446 589 482 vniuersis
605 453 643 481 et
659 446 805 494 singulis
819 447 989 482 fructibus
1007 447 1201 482 redditibus
1215 454 1251 483 et
1269 449 1497 495 prouentibus
1516 450 1670 485 eiusdem

207 508 362 555 plenarie
390 514 426 542 et
455 507 594 554 integre
621 508 826 554 responderi
853 508 968 543 facere
997 508 1270 544 contradictores
1289 522 1373 544 vero
1402 516 1438 545 et
1465 510 1615 546 rebelles
1644 511 1672 546 si

207 569 264 615 qui
282 569 397 603 forsan
417 568 546 603 fuerint
564 573 681 603 vestra
699 568 873 603 ordinaria
892 569 1096 604 auctoritate
1115 582 1337 617 compescere
1353 576 1537 618 ceteraque
1556 572 1671 606 facere

205 642 332 676 gerere
351 636 387 664 et
405 641 573 664 exercere
592 642 659 676 que
687 629 809 664 eedem
829 636 946 664 vestre
965 630 1257 665 reuerendissime
1276 631 1479 677 paternitati
1499 645 1560 667 seu
1579 632 1671 667 dicto

206 696 324 725 vestro
342 690 471 725 vicario
490 690 648 737 generali
666 690 700 724 in
729 690 907 737 premissis
936 691 1139 726 incumbunt
1166 692 1368 739 peragenda
1395 692 1586 739 dignemini
1630 693 1670 728 In

207 751 303 786 cuius
321 751 372 786 rei
391 751 626 786 testimonium
645 751 866 799 presentibus
882 751 1038 786 manibus
1058 752 1185 787 nostris
1201 753 1405 800 subscriptis
1423 753 1573 800 sigillum
1593 766 1670 788 nos-

206 820 295 848 trum
319 813 361 848 ad
388 826 508 848 causas
536 813 569 847 in
602 813 759 848 absentia
790 813 898 848 nostri
930 813 1034 860 sigilli
1053 814 1245 849 communis
1277 820 1330 849 est
1360 827 1548 862 appensum
1581 817 1671 863 apud

205 873 380 909 ciuitatem
403 874 661 920 Glasguensem
680 874 737 909 die
755 879 857 908 sexto
876 874 1004 909 mensis
1024 874 1179 922 Augusti
1205 887 1296 910 anno
1324 875 1467 910 Domini
1488 876 1669 911 millesimo

206 935 486 982 quingentesimo
515 935 733 981 sexagesimo
763 941 863 970 sexto
891 941 946 970 etc
974 948 1087 970 coram
1117 936 1169 970 his
1197 936 1344 971 testibus
1373 937 1511 972 domino
1538 938 1671 974 Jacobo

208 996 363 1031 Steward
394 996 521 1031 vicario
551 996 645 1032 chori
669 996 902 1043 Glasguensis
956 996 1132 1032 Willelmo
1163 997 1366 1033 Hamiltoun
1420 998 1556 1033 Thoma
1585 999 1669 1035 Car-

205 1057 357 1092 rutheris
376 1064 432 1093 etc

742 1179 894 1215 Jacobus
920 1179 1160 1215 Hammiltoun
1180 1181 1397 1216 subdecanus
1416 1182 1668 1231 presidensque

739 1265 918 1302 Johannes
940 1265 1191 1313 Hammyltoun
1212 1274 1395 1303 succentor
1414 1274 1470 1304 etc

742 1351 939 1385 Willelmus
960 1351 1235 1396 Hammyltoune
1254 1352 1297 1387 de
1319 1352 1581 1402 Cambuslayng

742 1436 860 1470 Dauid
883 1436 1042 1471 Gibsone
1061 1436 1103 1471 ab
1125 1436 1212 1472 Aire

742 1521 921 1557 Johannes
941 1521 1070 1569 Layng
1087 1528 1203 1557 rector
1222 1522 1265 1558 de
1285 1522 1359 1558 Lus

744 1607 980 1642 Archibaldus
1001 1607 1186 1643 Crauffurd
1207 1609 1249 1644 ab
1268 1609 1469 1656 Egilschem
1488 1617 1603 1646 rector

210 1852 318 1888 Aliud
336 1852 601 1887 instrumentum
620 1853 896 1899 presentacionis
915 1853 1068 1888 eiusdem
1093 1875 1098 1880 -

207 1944 387 2012 JACOBUS
407 1977 570 2013 Balfoure
586 1978 733 2013 ecclesie
748 1978 1013 2026 metropolitane
1032 1978 1265 2025 Glasguensis
1280 1978 1432 2013 decanus
1447 1991 1486 2014 ac
1504 1992 1669 2015 reueren-

208 2037 337 2072 dissimi
366 2038 400 2072 in
421 2038 502 2086 Xpo
530 2039 636 2086 patris
663 2045 700 2074 et
729 2039 857 2074 domini
887 2039 1009 2076 Jacobi
1041 2039 1267 2074 miseracione
1298 2040 1416 2075 diuina
1437 2040 1668 2088 Glasguensis

206 2099 455 2146 archiepiscopi
474 2099 507 2133 in
535 2099 690 2147 partibus
713 2100 829 2135 Gallie
856 2113 919 2147 per
948 2128 1104 2135 .....
1132 2101 1297 2136 morantis
1316 2101 1350 2135 in
1370 2101 1606 2149 spiritualibus
1633 2108 1669 2137 et

205 2160 452 2208 temporalibus
470 2161 619 2196 vicarius
637 2162 812 2208 generalis
827 2162 955 2197 dilecto
974 2168 1093 2198 nostro
1106 2163 1129 2199 J
1132 2163 1233 2198 oanni
1253 2163 1337 2198 Law
1351 2164 1547 2211 presbitero
1566 2164 1670 2200 Glas·

203 2221 346 2269 guensis
361 2222 510 2257 diocesis
555 2222 707 2258 Salutem
723 2223 757 2258 in
774 2223 927 2258 Domino
964 2223 1053 2259 Cum
1071 2224 1188 2272 itaque
1207 2238 1275 2260 vna
1293 2225 1560 2273 capellaniarum
1582 2225 1665 2260 Diui

206 2283 316 2319 Rochi
335 2283 542 2318 confessoris
560 2283 702 2319 fundata
720 2297 782 2332 per
796 2285 967 2332 quondam
986 2285 1076 2321 bone
1096 2286 1260 2322 memorie
1275 2286 1476 2334 magistrum
1497 2286 1665 2322 Thomam
