1922 2764
140 2213 196 2248 66.

237 284 307 316 220
661 280 991 316 MUNIMENTA
1018 279 1276 315 FRATRUM

238 391 280 425 ad
300 390 468 437 Magnum
489 390 633 426 Pontem
660 391 832 438 lapideum
852 397 947 426 trans
977 391 1101 424 flumen
1124 389 1237 424 Clude
1269 395 1305 424 et
1335 402 1379 424 ex
1410 394 1509 436 parte
1539 388 1699 424 orientali

238 451 393 486 eiusdem
410 451 502 487 inter
520 458 757 487 tenementum
774 451 920 486 Andree
937 450 1117 485 Robisoun
1133 462 1176 484 ex
1192 449 1397 484 occidentali
1412 455 1448 484 et
1461 455 1697 484 tenementum

238 513 409 559 quondam
429 512 595 548 Willelmi
616 513 699 560 Hay
717 525 762 547 ex
793 511 952 546 orientali
983 510 1138 558 partibus
1169 510 1261 557 quod
1294 510 1433 557 quidem
1463 516 1699 545 tenementum

239 573 317 607 olim
338 574 515 620 spectabat
532 573 703 620 quondam
724 573 829 607 Petro
845 571 1052 619 Colquhoun
1094 571 1142 606 Et
1159 571 1288 606 ibidem
1302 571 1457 619 prefatus
1473 571 1572 606 Prior
1585 571 1701 605 huius-

238 634 329 668 modi
349 640 584 669 tenementum
609 635 642 668 in
664 633 818 668 manibus
846 632 945 680 probi
965 632 1029 666 viri
1047 632 1217 669 Johannis
1237 632 1370 679 Mayne
1389 632 1532 667 alterius
1558 632 1701 666 balliuo-

238 707 313 728 rum
328 695 419 729 dicte
434 695 583 730 ciuitatis
601 695 633 728 in
653 695 807 729 fauorem
823 693 958 728 Thome
975 692 1183 740 Colquhoun
1202 693 1262 728 filii
1282 699 1318 728 et
1335 693 1474 728 heredis
1493 693 1576 728 dicti
1594 705 1701 740 quon-

240 756 315 790 dam
346 756 439 791 Petri
467 756 658 802 resignauit
703 755 782 796 Qua
810 755 1053 801 resignacione
1083 755 1132 789 sic
1158 755 1248 790 facta
1278 755 1367 790 idem
1399 755 1546 790 balliuus
1577 761 1703 789 statum

239 817 485 851 hereditarium
504 817 628 864 prefati
645 815 837 851 tenementi
862 816 999 863 prefato
1025 816 1162 851 Thome
1184 815 1391 864 Colquhoun
1418 815 1606 851 heredibus
1633 815 1702 850 suis

241 892 301 913 seu
337 879 519 925 assignatis
554 878 761 913 deliberauit
796 878 871 925 ipso
907 877 1043 912 'l'homa
1077 877 1265 912 heredibus
1302 877 1372 912 suis
1415 890 1476 912 seu
1520 877 1703 923 assignatis

240 940 414 974 annuatim
441 939 721 987 pcrsoluentibus
748 939 848 974 dictis
876 938 1056 974 Fratribus
1084 946 1119 973 et
1147 951 1266 973 eorum
1295 938 1552 973 successoribus
1579 938 1703 985 viginti

241 1000 368 1035 solidos
387 1001 489 1046 annuj
510 1000 666 1035 redditus
686 1000 813 1035 vsualis
832 1006 970 1035 monete
998 1000 1099 1047 regni
1130 1000 1250 1034 Scocie
1270 1012 1414 1034 vnacum
1445 1000 1542 1034 firma
1567 999 1703 1045 burgali

241 1060 483 1095 collectoribus
502 1061 655 1096 eiusdem
701 1061 848 1108 Insuper
875 1061 964 1095 idem
986 1060 1138 1095 Thomas
1167 1060 1216 1095 sic
1247 1061 1402 1095 existens
1432 1061 1467 1095 in
1500 1066 1589 1096 statu
1621 1060 1704 1095 dicti

241 1122 431 1156 tenementi
461 1121 655 1156 huiusmodi
688 1121 811 1168 viginti
842 1121 971 1156 solidos
1003 1121 1107 1156 annui
1139 1121 1297 1156 redditus
1327 1121 1362 1155 in
1393 1121 1549 1157 manibus
1579 1121 1704 1169 prefati

241 1182 358 1217 balliui
384 1182 576 1228 resignauit
620 1182 691 1223 Qui
716 1182 865 1217 balliuus
882 1182 973 1217 facta
998 1182 1192 1217 huiusmodi
1212 1182 1449 1229 resignatione
1477 1188 1600 1218 statum
1621 1183 1704 1218 dicti

241 1243 344 1277 annui
377 1242 532 1277 redditus
563 1242 655 1277 dicto
687 1243 799 1278 Fratri
835 1243 990 1278 Roberto
1024 1243 1135 1278 Priori
1166 1244 1305 1278 nomine
1341 1243 1391 1278 sui
1424 1249 1616 1278 conuentus
1647 1244 1704 1291 qui

241 1316 304 1351 pro
322 1309 478 1351 tempore
506 1303 636 1339 fuerint
664 1304 901 1339 deliberauit·
928 1304 995 1339 Pro
1023 1317 1090 1351 quo
1119 1317 1233 1340 annuo
1265 1305 1402 1339 redditu
1430 1305 1584 1352 prefatus
1604 1304 1704 1340 Prior

243 1378 279 1400 se
298 1371 334 1399 et
351 1365 478 1399 dictum
498 1372 706 1400 conuentum
724 1365 903 1413 perpetuis
922 1365 1045 1400 futuris
1064 1366 1277 1413 temporibus
1296 1366 1464 1413 obligauit
1490 1372 1526 1401 et
1543 1366 1705 1401 astrinxit

243 1426 285 1460 ad
316 1439 429 1461 annue
464 1427 708 1461 celebrandum
744 1427 776 1461 in
815 1439 931 1461 eorum
970 1427 1129 1461 Ecclesia
1155 1426 1303 1462 ciuitatis
1338 1427 1570 1474 Glasguensis
1600 1440 1704 1462 vnum

243 1487 515 1521 anniuersarium
535 1499 611 1522 cum
639 1487 796 1534 exequiis
823 1494 1034 1522 mortuorum
1067 1494 1102 1522 et
1133 1487 1236 1522 missa
1265 1488 1309 1523 de
1335 1488 1455 1535 requie
1487 1501 1549 1535 pro
1580 1489 1705 1523 anima-

244 1548 307 1582 bus
337 1547 508 1594 quondam
528 1547 664 1582 Thome
695 1548 880 1594 Blythman
907 1555 942 1583 et
969 1548 1050 1583 dicti
1078 1549 1249 1596 quondam
1279 1549 1373 1584 Petri
1394 1549 1601 1596 Colquhoun
1629 1563 1704 1584 cum

243 1608 508 1643 solennitatibus
543 1615 578 1643 et
608 1609 826 1644 oracionibus
857 1609 891 1643 in
921 1609 1046 1644 talibus
1065 1609 1174 1644 solitis
1202 1616 1237 1644 et
1262 1610 1437 1645 consuetis
1459 1631 1465 1636 ·
1490 1610 1582 1645 Acta
1607 1618 1707 1645 erant

243 1668 308 1703 hec
345 1681 448 1715 super
484 1669 605 1704 solium
641 1669 724 1704 dicti
767 1670 959 1705 tenementi
999 1670 1221 1717 presentibus
1264 1670 1391 1705 ibidem
1430 1671 1588 1706 discretis
1623 1672 1706 1706 viris

243 1729 403 1765 Johanne
425 1729 572 1764 Brisoun
618 1729 776 1765 Henrico
797 1730 967 1766 Petcarne
1010 1731 1163 1778 Hugone
1183 1731 1304 1766 Beichi
1347 1731 1505 1779 Georgio
1526 1732 1705 1767 Robisoun

245 1790 477 1836 burgensibus
512 1790 604 1825 dicte
640 1790 789 1826 ciuitatis
824 1797 860 1826 et
892 1791 1053 1827 Johanne
1099 1791 1306 1840 Colquhoun
1345 1793 1525 1828 testibus·
1559 1793 1706 1829 Nicolao

247 1850 509 1898 Withirspoune
545 1852 673 1887 arcium
706 1852 871 1899 magistro
902 1853 1098 1900 presbitero
1132 1853 1364 1900 Glasguensis
1394 1854 1542 1889 diocesis
1573 1856 1706 1890 notario

246 1911 383 1958 publico
406 1933 411 1938 ·

250 2093 519 2128 Instrumentnm
534 2095 789 2141 recognicionis
803 2097 994 2132 tenementi
1010 2109 1053 2132 ex
1069 2098 1274 2133 occidentali
1294 2104 1391 2145 parte
1408 2098 1579 2134 Cimiterii
1598 2100 1707 2134 nostri

250 2185 305 2250 In
326 2216 395 2251 Dei
414 2218 551 2252 nomine
573 2218 686 2253 Amen
732 2219 800 2255 Per
817 2220 883 2255 hoc
900 2221 1167 2257 instrumentum
1187 2229 1304 2270 pateat
1319 2232 1328 2260 l
1344 2224 1437 2271 quod
1455 2236 1546 2259 anno
1564 2224 1706 2259 Domini

251 2276 431 2311 millesimo
461 2278 739 2324 quingentesimo
766 2280 1054 2328 vicesimoquarto
1085 2283 1142 2318 die
1160 2296 1244 2318 vero
1263 2284 1550 2332 vicesimoquarto
1580 2285 1708 2320 mensis

250 2337 404 2384 Januarij
451 2338 488 2372 In
508 2339 574 2385 mej
596 2340 720 2385 notai-ij
741 2341 866 2387 publicj
888 2348 923 2376 et
940 2342 1078 2377 testium
1110 2343 1406 2391 infrascriptorum
1433 2345 1615 2391 presencia
1631 2358 1707 2392 per-
