1922 2764
600 249 641 283 B.
672 249 718 283 V.
748 248 916 283 MARIE
944 248 1012 282 ET
1041 249 1076 283 S.
1105 249 1263 284 ANNE.
1619 256 1664 286 43

204 395 472 439 SUSTENTATIO
492 416 611 439 TRIUM
631 416 835 439 PUERORUM

201 490 507 557 PREBENDA
538 523 860 559 DUODECIMA
890 523 1121 558 intitulabitur
1143 532 1151 559 l
1174 523 1358 558 Prebenda
1385 523 1508 558 Trium
1539 524 1664 558 Puero-

202 595 276 616 rum
298 591 307 618 Ι
328 583 451 629 quibus
478 585 684 630 spectabunt
713 590 913 619 teneinenta
941 590 977 619 et
1004 590 1098 619 terre
1128 584 1322 631 subscripta
1343 592 1351 620 l
1369 584 1530 631 Inprimis
1559 598 1662 619 vnum

200 649 439 678 tenementum
457 645 610 679 anterius
629 650 665 679 et
683 645 856 691 posterius
880 645 999 691 jacens
1018 645 1052 679 in
1075 644 1144 679 Via
1162 644 1349 679 Fullonum
1368 656 1412 679 ex
1434 650 1532 691 parte
1552 645 1663 680 orien-

201 703 259 738 tali
287 704 475 738 communis
504 705 557 739 vie
584 705 762 740 tendentis
786 718 806 739 a
825 704 940 740 Cruce
968 705 1084 740 Forali
1110 705 1153 739 ad
1182 705 1321 740 Portam
1344 705 1545 740 Australem
1573 706 1663 740 inter

199 770 437 799 tenementum
452 765 600 800 Roberti
617 766 754 812 Smytht
767 778 811 800 ex
826 766 957 801 boreali
970 772 1005 801 et
1017 771 1255 801 tenementum
1270 766 1443 813 quondam
1456 766 1661 800 Archibaldi

201 825 413 860 Robesoune
441 838 483 860 ex
507 826 647 861 australi
671 826 825 873 partibus
847 835 856 863 l
878 827 967 862 Item
994 839 1061 861 vna
1087 826 1238 861 dimedia
1263 839 1342 861 acra
1364 833 1459 861 terre
1483 827 1603 873 jacens
1627 827 1661 860 in

200 885 325 932 Longa
345 886 466 921 Crofta
483 886 574 922 inter
600 894 711 922 terras
729 887 752 923 J
755 887 899 922 ohannis
919 888 1054 923 Pacock
1073 900 1117 923 ex
1136 887 1342 923 occidentali
1361 894 1396 922 et
1414 893 1525 922 terras
1547 888 1662 934 [Will-

199 945 293 992 elmi]
318 947 415 981 Scott
433 947 475 982 de
495 947 734 982 Bradisholme
762 961 807 982 ex
833 948 993 983 orientali
1020 948 1175 996 partibus
1191 957 1200 985 Ι
1217 948 1307 984 Item
1325 955 1471 996 quatuor
1499 949 1598 983 solidi
1618 949 1661 984 de

197 1007 324 1042 horreo
339 1008 412 1043 siue
427 1008 560 1043 vstrino
574 1009 746 1056 quondam
766 1008 906 1044 Patricii
923 1009 1159 1044 Androsoune
1174 1009 1313 1056 jacente
1328 1009 1363 1043 in
1378 1009 1543 1044 anteriori
1562 1015 1660 1056 parte

197 1068 288 1103 dicte
307 1068 433 1116 Longe
450 1069 572 1104 Crofte
590 1070 682 1104 inter
700 1076 811 1105 terras
829 1070 851 1106 J
855 1070 999 1105 ohannis
1016 1070 1129 1105 Wann
1146 1083 1191 1105 ex
1209 1070 1369 1105 orientali
1385 1076 1420 1105 et
1434 1076 1546 1105 terras
1562 1070 1661 1104 Will-

197 1129 277 1164 elmi
298 1130 395 1165 Scott
413 1130 456 1165 de
475 1130 715 1165 Bradisholme
735 1144 779 1166 ex
797 1131 1004 1166 occidentali
1030 1131 1185 1178 partibus
1202 1141 1210 1168 l
1227 1132 1317 1167 Item
1336 1138 1413 1166 octo
1433 1131 1533 1166 solidi
1555 1132 1659 1166 annui

194 1190 352 1226 redditus
371 1191 414 1226 de
432 1191 558 1227 horreo
575 1192 598 1228 J
601 1192 746 1227 ohannis
768 1193 919 1240 Rankyn
938 1193 985 1228 Et
1003 1193 1060 1228 alii
1079 1200 1157 1228 octo
1176 1193 1276 1228 solidi
1300 1194 1343 1228 de
1370 1194 1496 1228 horreo
1520 1193 1660 1228 Patricii

198 1250 316 1286 Millar
330 1251 494 1299 contigue
505 1253 702 1299 jacentibus
716 1253 749 1287 in
765 1254 931 1288 anteriori
945 1261 1043 1301 parte
1059 1254 1150 1289 dicte
1166 1254 1293 1302 Longe
1306 1254 1427 1290 Crofte
1442 1255 1533 1289 inter
1548 1261 1658 1290 terras

194 1312 273 1346 olim
295 1312 499 1347 Archibaldi
520 1314 711 1349 Watsoune
731 1327 774 1349 ex
794 1315 953 1349 orientali
972 1320 1007 1349 et
1027 1321 1138 1350 terras
1157 1316 1330 1361 quondam
1351 1315 1497 1350 Roberti
1519 1316 1657 1362 Smytht

194 1386 238 1407 ex
257 1373 463 1408 occidentali
478 1382 487 1410 l
504 1374 593 1409 Item
607 1375 728 1410 decem
743 1375 844 1410 solidi
858 1375 901 1410 de
917 1382 1117 1411 tenemento
1132 1382 1311 1423 spectante
1327 1376 1518 1423 capellanie
1540 1377 1657 1411 Sancti

195 1434 306 1469 Rochi
331 1435 470 1481 jacente
501 1435 536 1469 in
565 1436 736 1470 communi
754 1436 810 1470 via
827 1449 894 1483 que
916 1436 1011 1471 ducit
1035 1449 1054 1471 a
1078 1436 1175 1471 Loco
1205 1437 1365 1471 Fratrum
1396 1437 1656 1472 Predicatorum

194 1495 342 1530 ciuitatis
365 1495 596 1542 Glasguensis
615 1497 657 1531 ad
679 1496 828 1533 Crucem
848 1497 1008 1532 Foralem
1027 1497 1181 1532 eiusdem
1202 1510 1247 1532 ex
1268 1503 1367 1544 parte
1386 1497 1546 1532 orientali
1564 1498 1655 1533 dicte

194 1556 248 1591 vie
267 1557 359 1591 inter
377 1562 488 1591 terras
506 1557 574 1592 mei
591 1557 784 1592 fundatoris
811 1571 855 1592 ex
882 1558 1024 1593 australi
1042 1564 1079 1593 et
1096 1564 1207 1593 terras
1225 1558 1247 1594 J
1251 1558 1395 1593 ohannis
1414 1558 1592 1594 Frebarne
1611 1572 1655 1594 ex

192 1617 323 1651 boreali
350 1617 503 1664 partibus
525 1617 640 1654 [Item
668 1631 735 1652 vna
760 1631 886 1665 magna
912 1631 991 1653 acra
1016 1625 1109 1653 terre
1136 1619 1172 1653 in
1200 1618 1394 1654 Brvmelaw
1417 1619 1537 1665 jacens
1564 1620 1655 1655 inter

192 1684 303 1712 terras
321 1678 510 1725 capellanie
531 1678 648 1714 Sancti
669 1678 877 1714 Christofori
896 1679 930 1714 in
957 1680 1037 1714 naui
1056 1680 1204 1715 ecclesie
1227 1680 1459 1727 Glasguensis
1478 1693 1522 1714 ex
1542 1680 1653 1715 orien-

191 1739 250 1773 tali
270 1744 305 1773 et
323 1744 433 1773 terras
452 1738 610 1774 Fratrum
631 1739 891 1774 Predicatorum
918 1740 1067 1775 ciuitatis
1090 1740 1322 1787 Glasguensis
1350 1753 1394 1775 ex
1421 1740 1626 1775 occidentali
1645 1749 1655 1777 Ι

191 1799 280 1834 Item
306 1806 378 1834 tres
404 1812 553 1846 aggeres
580 1806 674 1835 terre
697 1801 855 1847 jacentes
881 1801 1045 1848 contigue
1072 1801 1106 1835 in
1134 1800 1328 1836 Brvmelaw
1355 1801 1446 1835 inter
1464 1806 1575 1835 terras
1594 1801 1652 1835 do-

191 1861 274 1894 mini
306 1860 572 1908 Archiepiscopi
606 1861 837 1908 Glasguensis
868 1874 913 1896 ex
944 1861 1105 1896 orientali
1136 1867 1172 1895 et
1201 1868 1312 1896 terras
1346 1861 1475 1895 domini
1507 1861 1651 1896 Martini

193 1920 284 1956 Reid
302 1934 347 1956 ex
369 1921 574 1956 occidentali
591 1930 600 1958 l
616 1921 705 1956 Item
733 1922 789 1956 alii
816 1928 888 1956 tres
914 1934 1064 1968 aggeres
1090 1927 1184 1956 terre
1211 1921 1245 1955 in
1274 1921 1467 1955 Brvmelaw
1486 1921 1649 1968 contigue

190 1982 388 2016 adiacentes
406 1982 497 2016 inter
516 1987 626 2016 terras
644 1982 800 2028 magistri
817 1981 1003 2017 Cuthberti
1024 1982 1217 2028 Symsoune
1237 1993 1281 2016 ex
1297 1981 1456 2016 orientali
1470 1987 1506 2016 et
1525 1981 1650 2017 Archi-

190 2042 283 2076 baldi
314 2042 514 2077 Blakburne
545 2055 591 2077 ex
621 2042 826 2077 occidentali
857 2042 1012 2088 partibus
1034 2050 1043 2078 Ι
1070 2041 1299 2082 QUORUM
1329 2042 1431 2076 trium
1462 2055 1649 2089 puerorum

191 2102 316 2137 electio
334 2109 370 2137 et
387 2103 547 2137 admissio
566 2103 711 2137 duorum
737 2103 781 2137 ad
809 2102 1027 2149 Prepositum
1046 2101 1137 2136 dicte
1157 2102 1316 2137 Ecclesie
1338 2102 1533 2148 Collegiate
1552 2116 1648 2150 spec-

190 2163 277 2198 tabit
295 2169 331 2198 et
348 2163 382 2197 in
402 2163 475 2198 eius
494 2163 651 2198 absentia
668 2163 710 2197 ad
729 2163 966 2210 presidentem
982 2175 1046 2208 pro
1060 2168 1216 2209 tempore
1233 2170 1242 2199 Ι
1259 2162 1306 2197 Et
1323 2163 1536 2209 presentatio
1553 2164 1648 2198 tertii

190 2224 289 2271 pueri
307 2224 351 2258 ad
368 2224 513 2258 balliuos
532 2230 568 2258 et
585 2224 745 2258 consules
764 2223 912 2258 ciuitatis
935 2222 1165 2269 Glasguensis
1182 2231 1190 2259 l
1211 2222 1371 2257 admissio
1389 2236 1473 2258 vero
1492 2223 1647 2259 eiusdem

191 2284 234 2318 ad
262 2284 479 2331 Prepositum
504 2290 540 2318 et
565 2283 599 2318 in
627 2284 701 2318 eius
727 2283 884 2318 absentia
910 2283 953 2317 ad
983 2282 1219 2330 presidentem
1247 2283 1447 2330 spectabit!
1468 2284 1648 2330 prehabita
