1922 2764
610 286 651 321 B.
681 286 727 321 V.
754 285 924 321 MARIE
951 284 1020 320 ET
1048 286 1083 321 S.
1112 286 1272 321 ANNE.
1603 294 1665 325 141

211 396 256 418 ex
282 383 442 418 orientali
464 383 654 419 [Accessit
679 384 722 419 ad
747 385 918 432 prefatum
946 389 1183 419 tenementum
1208 390 1244 419 et
1269 384 1396 419 ibidem
1423 398 1486 432 per
1512 386 1557 421 lie
1583 387 1669 434 hesp

212 451 247 479 et
265 443 400 491 stapille
418 444 639 479 traditionem
665 450 788 479 statum
809 450 844 480 et
862 444 1021 479 saisinam
1038 444 1268 479 hereditarios
1287 445 1369 479 dicti
1393 446 1497 480 annui
1514 447 1670 482 redditus

211 505 361 539 discreto
387 504 462 538 viro
488 504 627 539 domino
657 505 813 540 Roberto
841 505 1034 542 Watsonel
1049 505 1265 552 procuratori
1292 505 1451 541 Ecclesie
1475 506 1670 554 Collegiate

211 565 335 600 situate
352 564 442 599 infra
460 565 635 600 ciuitatem
653 565 910 613 Glasguensem
930 572 965 601 et
984 566 1293 613 prebendariorum
1309 566 1462 602 eiusdem
1479 576 1488 603 Ι
1504 568 1672 603 delibera-

211 626 262 660 uit
280 644 285 650 ·
301 625 349 660 Et
363 625 490 660 deinde
508 625 747 661 incontinente
762 626 909 662 accessit
926 627 968 661 ad
983 627 1154 674 quoddam
1172 627 1333 662 horreum
1350 627 1470 674 jacens
1487 628 1522 662 in
1540 629 1674 675 prefata

211 686 266 720 via
292 698 338 720 ex
362 691 461 732 parte
488 685 628 720 australi
657 686 812 721 eiusdem
839 693 999 734 spectans
1025 687 1118 722 dicto
1144 687 1284 722 domino
1304 688 1451 723 Valtero
1467 697 1476 725 l
1493 695 1528 724 et
1546 689 1672 724 ibidem

211 747 323 782 dictus
353 747 518 794 magister
543 747 723 783 Johannes
752 754 955 793 procurator
982 748 1065 783 dicti
1091 748 1220 783 domini
1248 749 1387 784 Valteri
1418 750 1612 796 resignauit
1638 750 1672 784 in

210 808 367 843 manibus
393 808 476 843 dicti
502 807 620 843 balliui
647 807 830 843 duodecim
857 809 985 844 solidos
1010 809 1115 844 annui
1142 809 1298 845 redditus
1318 810 1361 844 de
1380 810 1473 845 dicto
1491 809 1617 845 horreo
1637 811 1670 845 in

210 869 365 904 fauorem
383 869 474 904 dicte
495 868 691 915 Collegiate
717 868 876 904 Ecclesie
898 890 905 896 ·
930 870 1010 911 Qua
1035 869 1272 916 resignatione
1293 870 1341 905 sic
1358 870 1448 905 facta
1466 870 1577 906 dictus
1604 871 1674 905 bal-

211 930 301 964 liuus
328 936 453 965 statum
480 936 516 964 et
541 929 701 964 saisinam
728 929 811 964 dicti
838 930 942 964 annui
968 931 1125 966 redditus
1153 931 1292 966 domino
1320 932 1478 967 Roberto
1506 932 1673 967 Watsone

211 991 427 1038 procuratori
451 991 542 1026 dicte
569 990 729 1026 Ecclesie
750 990 946 1037 Collegiate
967 991 1151 1027 Beatarum
1171 991 1285 1027 Marie
1304 1005 1441 1039 semper
1461 992 1621 1040 Virginis
1639 999 1675 1028 et

214 1051 320 1086 Anne
350 1051 469 1086 matris
496 1051 569 1086 eius
597 1051 805 1086 deliberauit
821 1060 829 1088 Ι
845 1053 1058 1087 reseruando
1085 1053 1178 1088 dicto
1205 1053 1343 1088 domino
1372 1053 1520 1088 Valtero
1546 1053 1674 1101 quoad-

212 1112 341 1147 uixerit
371 1112 577 1148 solutionem
606 1112 776 1147 dictorum
803 1125 995 1147 annuorum
1021 1113 1219 1148 reddituum
1252 1135 1258 1140 ·
1293 1114 1519 1149 Presentibus
1546 1114 1673 1149 ibidem

212 1173 372 1208 discretis
390 1173 538 1208 dominis
557 1173 772 1208 Archibaldo
791 1173 910 1208 Dikke
929 1179 965 1208 et
981 1173 1003 1210 J
1007 1174 1141 1209 ohanne
1168 1174 1289 1210 Reche
1316 1175 1555 1222 prebendariis
1582 1175 1673 1210 dicte

214 1233 372 1270 Ecclesie
389 1234 584 1281 Collegiate
602 1243 611 1270 l
628 1234 746 1269 Dauid
762 1233 880 1281 Wylie
899 1235 1034 1269 notario
1049 1241 1084 1270 et
1100 1235 1260 1271 Johanne
1278 1236 1489 1271 Androsone
1510 1236 1672 1270 seriando

311 1356 379 1391 ET
400 1355 511 1391 EGO
530 1355 683 1390 Thomas
700 1355 805 1390 Knox
820 1355 967 1390 clericus
985 1355 1217 1402 Glasguensis
1232 1356 1381 1391 ciuitatis
1402 1356 1560 1403 publicus
1579 1369 1675 1391 sacra

311 1416 515 1452 auctoritate
536 1415 741 1464 Apostolica
759 1416 913 1451 notarius
967 1416 1059 1458 Quia
1081 1415 1176 1464 [eta]

555 1514 707 1550 Thomas
727 1514 833 1549 Knox
851 1514 1005 1549 notarius
1024 1527 1126 1549 manu
1145 1514 1285 1561 propria
1302 1514 1507 1561 subscripsit

215 1689 284 1754 IN
312 1719 368 1754 dei
394 1719 532 1754 nomine
554 1719 668 1754 Amen
692 1740 697 1746 ·
722 1719 790 1754 Per
816 1719 882 1754 hoc
907 1718 1082 1766 publicum
1107 1718 1372 1752 instrumentum
1400 1716 1532 1751 cunctis
1558 1722 1675 1762 pateat

216 1780 305 1826 quod
321 1793 410 1814 anno
424 1780 670 1815 incarnationis
689 1780 874 1815 Dominice
893 1779 1075 1814 millesimo
1090 1778 1367 1826 quingentesimo
1384 1777 1673 1824 Quadragesimo-

216 1852 307 1875 nono
326 1840 382 1875 die
400 1853 484 1875 vero
503 1841 745 1875 decimatercia
762 1841 890 1876 mensis
910 1840 1065 1887 Augusti
1082 1849 1090 1876 l
1106 1840 1147 1874 In
1166 1839 1233 1874 mei
1258 1838 1381 1873 notarii
1406 1838 1534 1884 publici
1553 1844 1588 1873 et
1606 1844 1673 1873 tes-

216 1900 299 1935 tium
319 1900 589 1947 subscriptorum
604 1901 780 1948 presentia
797 1901 1028 1949 personaliter
1042 1900 1249 1936 constitutus
1265 1900 1434 1933 discretus
1449 1898 1501 1933 vir
1515 1899 1673 1933 dominus

218 1961 395 1996 Robertus
413 1960 602 1996 Watsoune
617 1961 816 2009 capellanus
832 1970 841 1999 l
857 1975 896 1997 ac
914 1967 1116 2009 procurator
1135 1959 1342 1996 venerabilis
1361 1958 1425 1993 viri
1443 1959 1597 2005 magistri
1615 1959 1673 1995 Ja-

215 2022 292 2056 cobi
312 2021 521 2057 Houstoune
541 2022 725 2057 subdecani
750 2023 897 2058 ecclesie
924 2021 1188 2069 metropolitane
1211 2019 1441 2066 Glasguensis
1459 2032 1498 2054 ac
1514 2019 1672 2054 fundato-

214 2083 262 2117 ris
281 2089 315 2117 et
334 2082 500 2118 dotatoris
519 2083 679 2118 Ecclesie
700 2083 896 2131 Collegiate
920 2083 1028 2118 Beate
1057 2081 1170 2116 Marie
1191 2080 1348 2126 Virginis
1368 2086 1403 2114 et
1422 2079 1527 2114 Anne
1547 2080 1672 2115 Matris

216 2143 290 2178 eius
307 2143 397 2178 infra
414 2143 588 2179 ciuitatem
606 2144 864 2191 Glasguensem
880 2153 889 2181 Ι
905 2156 1050 2179 vnacum
1068 2141 1260 2176 honorabili
1274 2141 1347 2175 viro
1362 2140 1526 2187 magistro
1543 2141 1566 2177 J
1569 2141 1671 2175 ohan-

215 2215 259 2239 ne
276 2203 360 2238 Hall
374 2204 484 2239 altero
497 2204 701 2239 balliuorum
717 2205 809 2240 dicte
824 2205 973 2239 ciuitatis
992 2201 1222 2249 Glasguensis
1239 2210 1247 2237 l
1264 2201 1427 2236 Accessit
1439 2202 1483 2236 ad
1501 2202 1671 2248 quoddam

215 2270 348 2299 vastum
371 2265 491 2311 jacens
509 2265 545 2299 in
563 2265 656 2300 dicta
673 2266 813 2300 ciuitate
836 2265 869 2299 in
890 2265 959 2298 Via
985 2263 1167 2298 Fullonum
1187 2274 1254 2309 que
1273 2262 1367 2297 ducit
1385 2275 1404 2297 a
1424 2262 1537 2297 Cruce
1556 2262 1672 2297 Forali

215 2325 257 2359 ad
278 2325 416 2360 Portam
437 2325 637 2361 Australem
657 2326 748 2361 dicte
767 2325 915 2360 ciuitatis
938 2336 982 2359 ex
1008 2329 1106 2370 parte
1132 2323 1315 2369 posteriori
1334 2323 1524 2358 tenementi
1545 2323 1669 2358 Sancte
