1922 2764
162 1722 218 1758 27.

281 274 348 309 168
703 273 1033 309 MUNIMENTA
1060 272 1321 309 FRATRUM

275 382 402 417 solidos
422 395 486 418 sex
505 383 665 418 denarios
684 383 787 418 annui
805 383 961 418 redditus
981 383 1023 418 de
1049 396 1117 418 vna
1142 383 1226 418 roda
1253 383 1326 417 siue
1353 383 1521 430 particata
1546 390 1640 418 terre
1659 397 1736 431 pre-

274 443 356 478 dicti
377 444 573 478 Alexandri
588 444 728 491 jacente
747 444 780 479 in
800 444 832 479 le
849 444 1048 490 Walcargat
1067 456 1110 478 ex
1128 450 1227 491 parte
1246 443 1452 479 occidentali
1472 444 1626 480 eiusdem
1644 445 1736 480 inter

274 510 401 539 terram
427 505 597 541 Johannis
619 505 697 539 Ade
717 518 762 540 ex
780 511 878 552 parte
897 505 1018 539 boriali
1045 510 1081 539 et
1104 510 1230 539 terram
1252 504 1430 551 Wyllelmi
1451 506 1671 552 Stevynsone
1693 519 1737 540 ex

273 571 371 612 parte
390 566 530 600 australi
549 579 612 613 pro
630 566 861 613 quadraginta
879 565 996 600 solidis
1015 565 1196 599 duodecim
1211 565 1362 612 denarijs
1381 566 1502 601 solutis
1517 566 1609 601 dicto
1625 566 1736 601 Alex-

273 626 381 660 andro
399 632 437 661 vt
463 626 610 661 asseruit
627 635 635 662 Ι
653 626 845 661 Tenendos
872 631 907 660 et
932 625 1110 660 habendos
1137 625 1248 661 dictos
1270 647 1276 653 ·
1299 626 1333 673 iij
1358 648 1363 653 -
1387 627 1516 662 solidos
1537 648 1544 654 ·
1567 627 1599 674 vj
1623 649 1629 653 -
1652 628 1736 662 den-

273 687 362 721 arios
385 708 391 713 ·
413 687 571 734 predicto
600 687 711 722 Priori
731 693 766 722 et
784 686 970 721 conuentui
990 700 1009 721 a
1027 686 1119 722 dicto
1141 687 1345 723 Alexandro
1365 688 1553 724 heredibus
1573 689 1643 724 suis
1661 689 1734 724 siue

273 748 455 795 assignatis
482 749 515 783 in
542 749 645 783 feodo
663 754 699 783 et
721 748 916 783 hereditate
943 748 1196 795 imperpetuum
1215 759 1223 785 Ι
1242 749 1297 783 Ac
1322 749 1464 797 insuper
1483 750 1595 785 dictus
1623 750 1733 785 Alex-

272 809 380 844 ander
411 810 502 844 omni
536 810 601 843 iuri
637 815 672 844 et
702 809 832 844 clameo
863 809 1033 844 dictorum
1055 830 1061 836 ·
1084 809 1118 856 iij
1149 831 1154 836 ·
1185 809 1370 844 solidorum
1400 810 1462 857 ·vj
1487 811 1734 846 -denariorum

271 870 489 904 renunciauit
507 870 757 917 imperpetuum
782 891 787 896 ·
811 876 847 904 et
865 882 906 904 ea
923 869 1080 917 predicto
1100 870 1212 905 Priori
1228 877 1263 905 et
1277 871 1464 906 conuentui
1483 884 1546 918 pro
1564 878 1735 919 perpetuo

272 931 462 978 assignauit
480 940 488 968 Ι
505 932 562 966 De
582 931 705 978 quibus
725 931 835 965 tribus
854 931 972 966 solidis
992 937 1028 966 et
1046 944 1110 966 sex
1127 932 1279 978 deuarijs
1304 932 1416 967 dictus
1444 932 1651 968 Alexander
1668 939 1734 968 tra—

272 993 359 1027 didit
385 993 541 1040 predicto
568 992 678 1027 Priori
698 992 855 1027 saisinam
883 1005 945 1039 per
971 992 1135 1027 balliuum
1162 993 1265 1039 burgi
1284 1000 1320 1027 et
1338 993 1488 1028 ciuitatis
1516 993 1705 1040 supradicti
1727 1015 1733 1020 ·

273 1054 384 1100 Super
411 1054 534 1100 quibus
560 1054 714 1100 prefatus
736 1053 834 1088 Prior
861 1066 880 1088 a
910 1066 964 1088 me
994 1053 1129 1088 notario
1159 1053 1298 1101 publico
1317 1054 1536 1101 infrascripto
1564 1055 1628 1089 sibi
1660 1055 1734 1090 fieri

270 1115 376 1161 pecijt
404 1114 578 1162 publicum
605 1114 871 1149 instrumentum
894 1135 900 1141 ·
925 1114 1017 1149 Acta
1044 1121 1124 1149 sunt
1153 1115 1219 1168 bec
1235 1123 1244 1152 Ι
1261 1127 1365 1162 super
1393 1115 1500 1150 solum
1524 1115 1607 1150 dicti
1638 1121 1734 1150 tene-

271 1176 376 1211 menti
399 1197 405 1203 ·
427 1175 648 1223 presentibus
666 1184 674 1212 1
691 1176 746 1211 die
766 1176 824 1223 xxj
845 1176 973 1211 mensis
990 1177 1086 1223 Junij
1102 1177 1182 1212 anni
1201 1177 1389 1224 supradicti
1412 1199 1417 1204 -
1442 1177 1577 1212 Thoma
1594 1178 1734 1224 Wyntir

269 1237 397 1271 balliuo
419 1245 427 1273 Ι
447 1237 607 1273 Johanne
642 1236 720 1272 Red
741 1246 750 1273 Ι
771 1237 932 1273 Johanne
969 1237 1050 1273 Ade
1072 1247 1081 1274 l
1100 1238 1261 1274 Johanne
1297 1238 1340 1273 de
1379 1238 1516 1286 Glasgu
1532 1247 1541 1275 l
1559 1238 1735 1273 Willelmo

273 1297 408 1345 Oglach
426 1306 434 1334 Ι
452 1297 629 1332 Willelmo
650 1298 815 1345 Stephani
833 1307 841 1335 l
859 1298 1035 1333 Willelmo
1052 1299 1206 1335 Jaksone
1224 1308 1232 1336 l
1249 1300 1482 1346 burgensibus
1498 1308 1507 1336 l
1523 1306 1559 1335 et
1579 1299 1735 1335 Roberto

272 1358 422 1405 Petigrw
451 1359 636 1405 sergiando
667 1371 743 1393 cum
775 1359 890 1394 multis
921 1359 995 1407 alijs
1014 1361 1160 1395 testibus
1183 1382 1189 1387 -
1216 1361 1374 1396 Henrico
1406 1361 1588 1397 Michaelis
1608 1362 1734 1397 clerico

273 1420 505 1466 Glasguensis
523 1420 671 1455 diocesis
690 1420 825 1455 notario
844 1420 982 1468 publico
1004 1442 1010 1447 ·

273 1602 502 1638 Confirmacio
522 1603 651 1638 domini
670 1603 713 1638 de
734 1603 905 1638 Cathkert
923 1603 965 1638 de
988 1624 994 1629 ·
1018 1616 1066 1637 xx
1088 1624 1094 1630 ·
1117 1603 1235 1638 solidis
1253 1604 1297 1638 de
1317 1604 1422 1638 firmis
1436 1604 1479 1638 de
1499 1604 1683 1651 Bogtoune
1706 1626 1711 1631 ·

272 1697 524 1764 OMNIBUS
547 1750 552 1755 -
578 1728 680 1763 Hanc
711 1734 837 1763 cartam
869 1728 994 1763 visuris
1029 1729 1085 1763 vel
1120 1729 1288 1763 audituris
1322 1728 1457 1763 Alanus
1488 1729 1532 1763 de
1563 1729 1734 1765 Catbkert

269 1788 427 1823 dominus
446 1789 601 1824 eiusdem
629 1789 780 1824 Salutem
808 1789 841 1823 in
861 1789 1014 1824 Domino
1041 1789 1286 1836 sempiternam
1307 1810 1313 1816 ·
1339 1789 1461 1824 Sciatis
1480 1802 1534 1824 me
1553 1790 1732 1836 quamdam

269 1855 396 1884 cartam
416 1850 587 1897 quondam
607 1850 815 1895 recole[nd]e
834 1863 873 1885 ac
894 1851 985 1884 bone
1004 1851 1169 1885 memorie
1190 1850 1297 1885 Alani
1315 1850 1358 1885 de
1379 1850 1551 1885 Cathkert
1576 1857 1731 1886 anteces-

270 1911 356 1946 soris
375 1911 441 1946 mei
460 1912 494 1946 in
513 1912 717 1959 pergamino
736 1911 896 1959 scriptam
916 1911 1030 1959 sigillo
1049 1924 1111 1946 suo
1129 1911 1312 1958 sigillatam
1327 1912 1435 1946 visam
1453 1912 1575 1946 lectam
1602 1912 1735 1959 inspec-

268 1977 335 2006 tam
356 1978 391 2007 et
417 1972 605 2018 diligenter
624 1973 851 2008 examinatam
878 1985 947 2007 non
975 1985 1085 2007 rasam
1111 1985 1181 2007 non
1209 1971 1391 2018 abolit[am]
1419 1985 1489 2007 non
1509 1973 1732 2008 cancellatam

268 2032 385 2066 necin
405 2032 517 2080 aliqua
543 2033 594 2067 sui
619 2039 716 2080 parte
744 2033 900 2068 viciatam
927 2034 968 2068 ad
1000 2033 1141 2081 plenum
1168 2033 1384 2069 intellexisse
1404 2034 1466 2069 sub
1484 2034 1548 2068 hac
1565 2034 1673 2068 forma
1695 2055 1700 2060 -
1724 2055 1729 2060 -

271 2092 483 2128 UNIUERSIS
497 2093 568 2140 Xpi
580 2094 741 2129 fidelibus
755 2095 798 2129 ad
812 2107 957 2141 quorum
970 2094 1116 2130 noticias
1134 2101 1317 2141 presentes
1334 2095 1451 2130 littere
1475 2094 1703 2142 peruenerint
1725 2117 1730 2121 -

270 2152 405 2187 Alanus
424 2154 467 2188 de
488 2154 660 2190 Cathkert
678 2155 835 2190 dominus
860 2156 1014 2190 eiusdem
1048 2156 1192 2190 salutem
1219 2157 1254 2190 in
1282 2155 1434 2190 Domino
1453 2154 1534 2201 [etc.
1553 2161 1594 2190 ut
1609 2167 1730 2202 supra,

268 2225 325 2248 no.
351 2216 403 2248 15.
419 2226 533 2261 pagg.
558 2219 635 2257 158,
660 2216 756 2263 159.]
786 2237 791 2243 ·
815 2238 820 2242 -
851 2216 1109 2263 QUAMquidem
1128 2222 1255 2251 cartam
1283 2217 1508 2251 donacionem
1536 2222 1572 2251 et
1590 2229 1731 2252 conces-

269 2273 401 2308 sionem
415 2273 450 2308 in
466 2275 586 2309 eadem
601 2281 780 2311 contentas
804 2278 814 2320 [
829 2277 998 2320 omnibus]
1025 2277 1162 2324 punctis
1186 2304 1460 2312 .........
1482 2277 1637 2312 articulis
1651 2289 1729 2311 con-

268 2334 462 2369 dicionibus
491 2347 530 2369 ac
556 2336 665 2370 modis
693 2343 728 2371 et
745 2337 1015 2383 circumstancijs
1043 2337 1112 2372 suis
1131 2338 1393 2384 quibuscunque
1410 2338 1519 2372 forma
1546 2337 1675 2384 pariter
1695 2344 1730 2371 et
