1922 2764
495 669 805 710 APPENDIX
833 668 908 709 TO
938 668 1063 708 THE
1097 665 1383 707 PREFACE.

875 919 961 954 ΝΟ.
989 919 1018 953 Ι.

564 1113 895 1143 TESTAMENTUM
915 1112 1021 1142 OLIM
1043 1111 1259 1141 MAGISTRI
1276 1111 1426 1140 JACOBI
1445 1110 1674 1140 HOUSTONE

563 1177 809 1206 SUBDEOANI
831 1176 882 1205 AC
909 1175 1076 1204 VICARII
1098 1174 1348 1203 GENERALIS
1374 1173 1676 1203 GLASGUENSIS

563 1241 740 1269 FACTUM
762 1240 848 1268 PER
878 1238 1060 1268 EUNDEM
1089 1238 1161 1266 DIE
1185 1237 1352 1266 OCTAVO
1374 1237 1539 1265 MENSIS
1562 1236 1678 1265 OCTO-

561 1303 661 1332 BRIS
684 1302 804 1331 ANNO
825 1302 865 1336 Ἐξ
886 1302 928 1335 V?
952 1301 1014 1335 Luto

621 1491 819 1520 Inventarium
833 1490 964 1519 omnium
976 1491 1117 1519 bonorum
1130 1499 1260 1519 meorum
1275 1506 1280 1512 ·

216 1590 301 1645 Ima
327 1616 463 1652 Inprimis
485 1617 576 1645 fateor
599 1625 646 1645 me
667 1617 772 1645 habere
793 1616 824 1644 iu
844 1616 1010 1645 utinsilibus
1034 1620 1064 1645 et
1085 1616 1240 1645 domiciliis
1262 1616 1300 1645 ad
1322 1616 1446 1644 valorem
1468 1618 1584 1643 centum
1608 1623 1682 1642 mar-

216 1680 336 1708 charum
353 1692 358 1698 ·
376 1679 449 1707 ITEM
462 1679 493 1707 in
507 1679 634 1717 deposito
649 1678 681 1717 ij?
694 1679 782 1708 libras
797 1683 910 1708 monete
927 1679 957 1707 in
971 1688 1041 1707 auro
1055 1683 1085 1707 et
1098 1683 1217 1716 argento
1229 1693 1234 1698 ·

733 1868 836 1896 Debita
850 1877 905 1905 que
919 1867 1009 1896 michi
1022 1867 1164 1895 debentur
1178 1882 1183 1886 ·

222 1992 357 2031 Inprimis
377 1992 409 2020 in
436 1992 569 2020 manibus
597 1992 838 2030 parochianorum
868 1993 903 2020 de
935 1992 1049 2021 Cadder
1077 1997 1106 2020 et
1136 1992 1295 2021 Monkland
1316 1992 1351 2020 de
1380 1991 1500 2020 decimis
1531 1991 1599 2019 anni
1630 1996 1683 2019 etc.

221 2054 459 2092 Quinquagesimi
480 2058 510 2083 et
523 2054 558 2082 de
578 2054 662 2083 restis
682 2063 823 2083 annorum
842 2055 1060 2092 precedentium
1080 2054 1300 2083 extendentibus
1320 2055 1357 2083 ad
1378 2054 1557 2092 octingentas
1579 2054 1665 2083 libras
1682 2069 1687 2073 ·

222 2121 263 2148 Et
286 2119 419 2148 similiter
439 2128 535 2147 meam
558 2122 694 2147 annatam
715 2122 779 2156 post
799 2128 897 2147 meum
922 2119 1069 2147 decessum
1091 2119 1125 2147 de
1150 2118 1290 2147 fructibus
1317 2119 1438 2147 rectorie
1462 2118 1497 2147 de
1523 2118 1636 2147 Cadder
1657 2122 1687 2146 et

223 2182 382 2211 Moukland
395 2182 598 2210 extendentem
618 2181 655 2210 ad
678 2181 870 2219 quadraginta
892 2181 978 2210 libras
1000 2191 1007 2197 ·
1031 2182 1104 2209 ITEM
1125 2181 1235 2210 domini
1256 2182 1291 2210 de
1314 2181 1519 2219 Auchingassil
1542 2181 1688 2210 Makmatt

222 2246 397 2274 Cuthbertus
413 2245 551 2274 Greirson
565 2243 699 2272 dominus
708 2244 743 2273 de
755 2244 946 2273 Kirkconnall
962 2253 995 2272 ac
1006 2244 1144 2282 magister
1160 2244 1318 2273 Edwardus
1331 2229 1500 2273 Creiohtone
1512 2243 1686 2281 conjunctim

221 2313 251 2338 et
271 2308 388 2338 divisim
401 2308 515 2338 actitati
535 2307 661 2337 inlibris
681 2307 791 2337 domini
813 2307 951 2337 Officialis
973 2308 1160 2346 Glasguensis
1183 2308 1220 2337 ad
1243 2308 1463 2346 persolvendum
1488 2307 1577 2335 miehi
1602 2307 1633 2344 ij?
1657 2312 1687 2335 et
