1922 2764
240 277 286 307 30
568 272 720 307 LIBER
747 271 994 308 ECCLESIE
1024 269 1362 306 COLLEGIATE

238 368 377 402 australi
390 374 425 402 et
440 368 587 415 Georgii
601 368 723 403 Swann
737 369 848 403 eidem
861 374 1060 403 tenemento
1072 367 1154 402 dicti
1171 366 1316 401 Henrici
1330 366 1527 400 adiacentes
1543 373 1552 401 l
1569 367 1690 401 sexde-

238 428 302 462 cim
324 428 485 462 denarios
502 437 510 464 l
528 429 615 463 Item
635 430 677 463 de
697 429 829 464 duobus
848 428 1056 463 tenementis
1075 427 1237 473 contigue
1256 425 1491 460 adiacentibus
1510 438 1555 460 ex
1573 426 1692 460 eadem

238 494 335 535 parte
365 489 420 523 vie
447 489 537 523 inter
556 496 665 524 terras
686 489 803 523 Allani
825 489 970 524 Stewart
989 501 1033 522 ex
1052 487 1194 521 australi
1222 492 1257 520 et
1283 492 1393 520 terras
1411 486 1542 520 abbatis
1561 492 1596 521 et
1614 499 1692 520 con-

241 555 365 583 uentus
380 549 422 583 de
436 549 574 584 Pasleto
588 550 755 596 equaliter
772 549 935 583 leuandos
952 557 960 584 l
976 549 1062 582 duos
1074 547 1201 581 solidos
1214 552 1248 581 et
1261 552 1338 580 octo
1350 546 1509 580 denarios
1526 555 1534 582 Ι
1550 547 1638 581 Item
1652 547 1694 581 de

240 616 440 644 tenemento
460 610 590 645 abbatis
610 616 645 644 et
663 616 854 644 conuentus
874 614 1056 655 prenotato
1073 617 1080 643 l
1098 614 1242 653 quatuor
1262 606 1388 641 solidos
1405 614 1414 642 Ι
1430 607 1517 641 Item
1534 607 1576 642 de
1597 613 1692 642 tene-

237 675 354 704 mento
384 670 522 704 Patricii
550 671 667 704 Millar
690 671 828 716 jacente
857 682 901 704 ex
928 669 1047 703 eadem
1074 673 1171 714 parte
1199 667 1254 701 vie
1281 667 1371 701 inter
1398 673 1508 701 terras
1528 666 1693 701 Willelmi

240 729 462 764 Henrisoune
476 743 520 764 ex
532 731 661 765 boreali
677 737 711 764 et
723 737 832 764 terras
845 729 1015 775 quondam
1028 728 1173 762 Andree
1187 727 1359 773 Flemyng
1373 739 1420 761 ex
1433 726 1573 761 australi
1590 735 1598 762 l
1615 739 1692 762 sex-

237 790 347 824 decim
375 791 534 824 denarios
561 800 569 826 l
598 791 683 825 Item
716 790 758 824 de
786 796 985 824 tenemento
1013 788 1182 834 quondam
1213 787 1377 821 Willelmi
1407 786 1570 821 Gardnar
1601 799 1692 821 nunc

239 849 319 884 Ade
336 850 563 896 Colquhoune
579 851 717 895 jacente
737 862 781 884 ex
801 849 920 884 eadem
939 855 1036 893 parte
1052 848 1106 882 vie
1126 848 1215 882 inter
1231 853 1341 882 terras
1363 847 1554 893 Hospitalis
1575 847 1690 882 Sancti

242 908 400 944 Nicholai
421 923 465 944 ex
484 910 621 944 australi
643 916 677 944 et
697 910 878 944 Michaelis
899 909 1072 954 Flemyng
1090 921 1135 942 ex
1154 907 1283 942 boreali
1299 916 1307 943 l
1324 908 1409 941 duos
1434 907 1560 941 solidos
1578 916 1586 943 l
1603 908 1690 942 Item

236 969 279 1004 de
298 976 497 1004 tenemento
516 971 686 1016 quon-dam
710 970 857 1016 Georgii
888 969 1006 1004 Burell
1037 982 1127 1003 nunc
1159 968 1305 1003 Henrici
1334 967 1453 1002 Burell
1478 968 1616 1014 jacente
1646 981 1690 1002 ex

237 1037 333 1076 parte
354 1030 511 1065 orientali
532 1031 685 1064 eiusdem
705 1031 759 1064 vie
779 1031 868 1064 inter
887 1038 997 1064 terras
1024 1029 1140 1064 altaris
1161 1029 1327 1076 Corporis
1348 1028 1479 1063 Christi
1498 1041 1543 1062 ex
1560 1028 1690 1063 boreali

240 1096 274 1124 et
289 1096 398 1124 terras
414 1090 614 1136 Margarete
630 1090 836 1125 Haustoune
852 1103 896 1124 ex
913 1090 1051 1124 australi
1069 1098 1078 1126 l
1095 1098 1165 1123 tres
1185 1089 1312 1123 solidos
1335 1110 1340 1115 ·
1371 1087 1689 1123 AUGMEN'I‘A-

238 1150 328 1185 TIO
345 1169 350 1174 ·
370 1151 458 1185 Item
477 1151 617 1185 habebit
643 1163 682 1185 ae
709 1151 898 1197 possidebit
922 1150 1171 1197 prebendarius
1199 1149 1392 1183 antedictus
1412 1148 1500 1183 vltra
1527 1148 1691 1195 premissa

238 1211 321 1245 duas
346 1224 441 1245 acras
469 1217 561 1245 terre
589 1211 790 1258 campestris
813 1211 969 1257 jacentes
997 1210 1029 1244 in
1058 1210 1167 1244 crofta
1195 1210 1302 1244 Beate
1331 1209 1437 1243 Anne
1463 1209 1554 1243 inter
1581 1214 1690 1243 terras

236 1272 454 1316 prebendarii
482 1272 579 1318 primi
599 1284 644 1306 ex
662 1271 866 1306 occidentali
886 1277 921 1305 et
938 1278 1048 1305 terras
1076 1270 1295 1317 prebendarii
1315 1269 1424 1316 quinti
1443 1282 1487 1303 ex
1506 1268 1664 1303 orientali
1681 1278 1688 1304 l

238 1332 324 1366 Item
343 1332 385 1366 de
406 1338 605 1366 tenemento
623 1332 792 1367 Johannis
822 1331 934 1365 Pacok
961 1338 996 1365 et
1019 1331 1150 1365 duabus
1177 1331 1261 1376 rigis
1281 1336 1374 1364 terre
1394 1330 1505 1364 eidem
1533 1329 1689 1364 adiacen-

235 1392 325 1426 tibus
353 1392 386 1426 in
408 1392 530 1438 Longa
547 1392 668 1427 Crofta
685 1392 776 1427 inter
794 1398 904 1426 terras
923 1391 1093 1437 quondam
1114 1390 1317 1425 Archibaldi
1335 1390 1523 1424 Watsoune
1543 1401 1587 1423 ex
1602 1389 1688 1423 occi-

236 1453 364 1486 dentali
385 1459 420 1487 et
437 1452 591 1498 magistri
620 1452 802 1486 Michaelis
833 1451 1058 1486 Huchisoune
1086 1463 1131 1485 ex
1158 1450 1315 1484 orientali
1344 1449 1496 1496 partibus
1517 1457 1526 1484 l
1547 1448 1689 1495 triginta

237 1512 363 1546 solidos
380 1520 388 1548 Ι
406 1513 493 1546 Item
519 1513 562 1546 de
590 1512 714 1546 horreo
733 1512 903 1558 quondam
926 1511 1089 1545 Willelmi
1118 1511 1303 1545 Robesone
1323 1522 1399 1544 eum
1418 1515 1493 1544 orto
1523 1515 1558 1544 et
1584 1509 1688 1556 perti-

235 1573 361 1608 nentiis
381 1573 533 1607 eiusdem
548 1573 686 1619 jacente
705 1572 739 1606 in
761 1572 924 1607 Stokwoll
944 1585 988 1606 ex
1007 1578 1103 1618 parte
1123 1570 1281 1605 orientali
1297 1570 1450 1604 eiusdem
1468 1570 1559 1603 inter
1577 1576 1687 1604 terras

236 1633 314 1667 olim
332 1633 500 1669 Joliannis
522 1632 687 1667 Wodrufe
715 1645 806 1667 nunc
823 1632 991 1668 Johannis
1021 1632 1127 1666 Stene
1155 1644 1199 1665 ex
1225 1630 1365 1665 australi
1390 1636 1425 1665 et
1448 1637 1558 1665 terras
1576 1629 1687 1676 capel·⁴

236 1694 324 1728 lanie
346 1693 462 1728 Sancti
481 1692 662 1727 Michaelis
677 1693 818 1726 fundate
837 1705 899 1738 per
914 1692 1082 1738 quondam
1104 1691 1302 1737 magistrum
1323 1690 1491 1724 Thomam
1511 1689 1624 1736 Leyss
1643 1702 1687 1724 ex

238 1754 368 1788 boreali
385 1762 393 1789 l
411 1753 606 1800 quindecim
635 1753 786 1788 solidos!
804 1753 892 1787 Item
919 1752 962 1786 de
989 1757 1188 1786 tenemento
1215 1751 1385 1797 quondam
1414 1750 1559 1784 Andree
1587 1750 1687 1796 Boyd

236 1827 312 1848 cum
331 1827 397 1847 vno
416 1826 545 1860 aggere
564 1820 732 1848 terrarum
761 1813 873 1847 eidem
900 1812 1079 1846 adiacente
1107 1811 1141 1845 in
1168 1817 1265 1858 parte
1293 1811 1475 1857 posteriori
1503 1811 1535 1844 in
1564 1809 1689 1856 Longa

237 1874 356 1908 Crofta
387 1874 476 1908 inter
508 1880 618 1908 terras
647 1873 816 1919 quondam
847 1872 1015 1908 ,Iohannis
1050 1872 1153 1917 Gayn
1188 1884 1233 1905 ex
1263 1871 1422 1905 orientali
1452 1877 1487 1905 et
1517 1870 1687 1916 quondam

237 1934 352 1968 Dauid
372 1934 545 1968 Menteith
565 1946 609 1969 ex
628 1933 831 1968 occidentali
851 1942 858 1968 l
875 1933 1025 1979 quinque
1045 1931 1197 1967 solidos!
1216 1931 1301 1965 Item
1317 1931 1360 1965 de
1379 1936 1578 1965 tenemento
1598 1930 1687 1965 Mat-

234 1995 289 2028 hei
310 1995 400 2029 Park
419 2008 463 2029 ex
486 1994 616 2029 boreali
644 2000 741 2041 parte
767 1993 847 2028 Vici
877 1994 1001 2028 Sancte
1030 1992 1162 2026 Tenew
1189 1991 1279 2026 inter
1306 1997 1416 2025 terras
1443 1990 1524 2024 dicti
1552 1990 1687 2024 Mathei

235 2067 279 2088 ex
308 2054 465 2088 orientali
493 2062 528 2089 et
559 2055 641 2089 dicti
672 2054 843 2101 quondam
874 2053 992 2087 Dauid
1023 2052 1199 2086 Menteith
1227 2064 1272 2086 ex
1299 2050 1502 2085 occidentali
1533 2050 1686 2097 partibus

234 2114 352 2148 decem
373 2114 499 2147 solidos
521 2134 528 2140 ·
554 2114 768 2148 Presentatio
787 2113 871 2148 dicti
897 2113 1119 2160 prebendarii
1140 2112 1181 2146 ad
1209 2111 1353 2146 balliuos
1373 2118 1408 2145 et
1426 2111 1584 2145 consules
1605 2111 1685 2145 ciui-

235 2174 314 2208 tatis
336 2174 565 2220 Glasguensis
582 2183 589 2209 l
609 2174 756 2209 Collatio
776 2187 858 2208 vero
878 2173 1047 2208 institutio
1066 2180 1101 2207 et
1118 2172 1278 2206 admissio
1297 2172 1338 2206 ad
1357 2171 1683 2205 reuerendissimum

237 2233 543 2280 Archiepiscopum
567 2234 822 2280 Glasguensem
841 2247 902 2281 pro
923 2240 1078 2280 tempore
1098 2231 1266 2279 spectabit
1282 2240 1290 2267 l
1308 2232 1395 2266 Item
1413 2231 1491 2265 volo
1508 2231 1599 2277 quod
1617 2231 1683 2265 due

235 2294 466 2340 suprascripte
485 2306 561 2328 acre
581 2300 674 2328 terre
690 2294 845 2340 jacentes
865 2294 898 2328 in
919 2293 1042 2339 Longa
1065 2291 1216 2339 [Crofta]
1242 2293 1365 2327 Sancte
1386 2291 1491 2325 Anne
1510 2291 1683 2337 assignate
