<?xml version="1.0" encoding="UTF-8"?>
<!DOCTYPE html PUBLIC "-//W3C//DTD XHTML 1.0 Transitional//EN"
    "http://www.w3.org/TR/xhtml1/DTD/xhtml1-transitional.dtd">
<html xmlns="http://www.w3.org/1999/xhtml" xml:lang="en" lang="en">
 <head>
  <title>
</title>
<meta http-equiv="Content-Type" content="text/html;charset=utf-8" />
  <meta name='ocr-system' content='tesseract 3.04.00' />
  <meta name='ocr-capabilities' content='ocr_page ocr_carea ocr_par ocr_line ocrx_word'/>
</head>
<body>
  <div class='ocr_page' id='page_1' title='image "./libercollegiinos00mait_0368.png"; bbox 0 0 1922 2764; ppageno 0'>
   <div class='ocr_carea' id='block_1_1' title="bbox 60 1347 180 1381">
    <p class='ocr_par' dir='ltr' id='par_1_1' title="bbox 60 1347 180 1381">
     <span class='ocr_line' id='line_1_1' title="bbox 60 1347 180 1381; baseline 0.017 -2"><span class='ocrx_word' id='word_1_1' title='bbox 60 1347 180 1381; x_wconf 80' lang='lat' dir='ltr'>xxxix·</span> 
     </span>
    </p>
   </div>
   <div class='ocr_carea' id='block_1_2' title="bbox 234 255 1099 291">
    <p class='ocr_par' dir='ltr' id='par_1_2' title="bbox 234 255 1099 291">
     <span class='ocr_line' id='line_1_2' title="bbox 234 255 1099 291; baseline 0 -1"><span class='ocrx_word' id='word_1_2' title='bbox 234 256 303 291; x_wconf 84' lang='lat'>262</span> <span class='ocrx_word' id='word_1_3' title='bbox 820 255 1099 290; x_wconf 90' lang='lat' dir='ltr'><strong>APPENDIX.</strong></span> 
     </span>
    </p>
   </div>
   <div class='ocr_carea' id='block_1_3' title="bbox 231 363 1691 461">
    <p class='ocr_par' dir='ltr' id='par_1_3' title="bbox 231 363 1691 461">
     <span class='ocr_line' id='line_1_3' title="bbox 232 363 1691 401; baseline 0.003 -4"><span class='ocrx_word' id='word_1_4' title='bbox 232 364 319 398; x_wconf 88' lang='lat' dir='ltr'>lanis</span> <span class='ocrx_word' id='word_1_5' title='bbox 360 363 566 398; x_wconf 84' lang='lat' dir='ltr'>Alexandro</span> <span class='ocrx_word' id='word_1_6' title='bbox 582 363 818 399; x_wconf 87' lang='lat' dir='ltr'>Walterstone</span> <span class='ocrx_word' id='word_1_7' title='bbox 852 364 1028 399; x_wconf 90' lang='lat' dir='ltr'>Willelmo</span> <span class='ocrx_word' id='word_1_8' title='bbox 1045 363 1228 400; x_wconf 86' lang='lat' dir='ltr'>Cochrane</span> <span class='ocrx_word' id='word_1_9' title='bbox 1266 365 1439 400; x_wconf 88' lang='lat' dir='ltr'>Rollando</span> <span class='ocrx_word' id='word_1_10' title='bbox 1455 365 1691 401; x_wconf 89' lang='lat' dir='ltr'>Walterstone</span> 
     </span>
     <span class='ocr_line' id='line_1_4' title="bbox 231 424 1171 461; baseline 0 -1"><span class='ocrx_word' id='word_1_11' title='bbox 231 424 254 460; x_wconf 89' lang='lat' dir='ltr'><strong>J</strong></span> <span class='ocrx_word' id='word_1_12' title='bbox 257 425 392 459; x_wconf 89' lang='lat' dir='ltr'>ohanne</span> <span class='ocrx_word' id='word_1_13' title='bbox 413 425 522 460; x_wconf 90' lang='lat' dir='ltr'>Clerk</span> <span class='ocrx_word' id='word_1_14' title='bbox 541 431 576 460; x_wconf 82' lang='lat' dir='ltr'>et</span> <span class='ocrx_word' id='word_1_15' title='bbox 592 425 753 461; x_wconf 87' lang='lat' dir='ltr'>Johanne</span> <span class='ocrx_word' id='word_1_16' title='bbox 774 425 917 460; x_wconf 90' lang='lat' dir='ltr'>Walker</span> <span class='ocrx_word' id='word_1_17' title='bbox 936 425 1096 460; x_wconf 87' lang='lat' dir='ltr'>seriando</span> <span class='ocrx_word' id='word_1_18' title='bbox 1115 430 1171 460; x_wconf 86' lang='lat' dir='ltr'>etc</span> 
     </span>
    </p>
   </div>
   <div class='ocr_carea' id='block_1_4' title="bbox 328 546 1692 897">
    <p class='ocr_par' dir='ltr' id='par_1_4' title="bbox 328 546 1692 897">
     <span class='ocr_line' id='line_1_5' title="bbox 330 546 1691 594; baseline 0.001 -13"><span class='ocrx_word' id='word_1_19' title='bbox 330 546 409 581; x_wconf 82' lang='lat' dir='ltr'>Hec</span> <span class='ocrx_word' id='word_1_20' title='bbox 427 552 482 581; x_wconf 83' lang='lat' dir='ltr'>est</span> <span class='ocrx_word' id='word_1_21' title='bbox 500 559 582 581; x_wconf 88' lang='lat' dir='ltr'>vera</span> <span class='ocrx_word' id='word_1_22' title='bbox 600 546 698 594; x_wconf 87' lang='lat' dir='ltr'>copia</span> <span class='ocrx_word' id='word_1_23' title='bbox 722 546 922 594; x_wconf 89' lang='lat' dir='ltr'>principalis</span> <span class='ocrx_word' id='word_1_24' title='bbox 949 546 1159 593; x_wconf 83' lang='lat' dir='ltr'>prothogolli</span> <span class='ocrx_word' id='word_1_25' title='bbox 1178 559 1255 581; x_wconf 91' lang='lat' dir='ltr'>cum</span> <span class='ocrx_word' id='word_1_26' title='bbox 1281 546 1403 582; x_wconf 91' lang='lat' dir='ltr'>eodem</span> <span class='ocrx_word' id='word_1_27' title='bbox 1422 547 1466 582; x_wconf 91' lang='lat' dir='ltr'>de</span> <span class='ocrx_word' id='word_1_28' title='bbox 1485 548 1594 582; x_wconf 90' lang='lat' dir='ltr'>verbo</span> <span class='ocrx_word' id='word_1_29' title='bbox 1612 560 1691 582; x_wconf 87' lang='lat' dir='ltr'>con—</span> 
     </span>
     <span class='ocr_line' id='line_1_6' title="bbox 328 606 1692 653; baseline 0.001 -12"><span class='ocrx_word' id='word_1_30' title='bbox 328 607 474 641; x_wconf 89' lang='lat' dir='ltr'>cordans</span> <span class='ocrx_word' id='word_1_31' title='bbox 493 613 649 642; x_wconf 81' lang='lat' dir='ltr'>extracta</span> <span class='ocrx_word' id='word_1_32' title='bbox 666 607 709 642; x_wconf 89' lang='lat' dir='ltr'>de</span> <span class='ocrx_word' id='word_1_33' title='bbox 737 606 846 642; x_wconf 92' lang='lat' dir='ltr'>Libro</span> <span class='ocrx_word' id='word_1_34' title='bbox 875 607 1178 653; x_wconf 79' lang='lat' dir='ltr'>Prothogollorum</span> <span class='ocrx_word' id='word_1_35' title='bbox 1196 608 1286 642; x_wconf 91' lang='lat' dir='ltr'>bone</span> <span class='ocrx_word' id='word_1_36' title='bbox 1312 608 1476 643; x_wconf 87' lang='lat' dir='ltr'>memorie</span> <span class='ocrx_word' id='word_1_37' title='bbox 1507 608 1692 643; x_wconf 83' lang='lat' dir='ltr'>Michaelis</span> 
     </span>
     <span class='ocr_line' id='line_1_7' title="bbox 330 667 1690 716; baseline 0.002 -15"><span class='ocrx_word' id='word_1_38' title='bbox 330 667 504 714; x_wconf 84' lang='lat' dir='ltr'>Flemyng</span> <span class='ocrx_word' id='word_1_39' title='bbox 521 668 601 702; x_wconf 89' lang='lat' dir='ltr'>dum</span> <span class='ocrx_word' id='word_1_40' title='bbox 619 668 654 702; x_wconf 90' lang='lat' dir='ltr'>in</span> <span class='ocrx_word' id='word_1_41' title='bbox 684 667 841 702; x_wconf 86' lang='lat' dir='ltr'>humanis</span> <span class='ocrx_word' id='word_1_42' title='bbox 859 674 982 714; x_wconf 84' lang='lat' dir='ltr'>ageret</span> <span class='ocrx_word' id='word_1_43' title='bbox 1011 668 1133 715; x_wconf 85' lang='lat' dir='ltr'>notarij</span> <span class='ocrx_word' id='word_1_44' title='bbox 1166 668 1293 715; x_wconf 87' lang='lat' dir='ltr'>publicj</span> <span class='ocrx_word' id='word_1_45' title='bbox 1312 677 1321 705; x_wconf 88' lang='grc'><em>1</em></span> <span class='ocrx_word' id='word_1_46' title='bbox 1338 681 1400 716; x_wconf 86' lang='lat' dir='ltr'>per</span> <span class='ocrx_word' id='word_1_47' title='bbox 1431 681 1484 704; x_wconf 91' lang='lat' dir='ltr'>me</span> <span class='ocrx_word' id='word_1_48' title='bbox 1516 669 1690 704; x_wconf 86' lang='lat' dir='ltr'>dominum</span> 
     </span>
     <span class='ocr_line' id='line_1_8' title="bbox 331 727 1691 777; baseline 0.001 -15"><span class='ocrx_word' id='word_1_49' title='bbox 331 727 500 762; x_wconf 90' lang='lat' dir='ltr'>Thomam</span> <span class='ocrx_word' id='word_1_50' title='bbox 519 728 547 763; x_wconf 91' lang='lat' dir='ltr'>F</span> <span class='ocrx_word' id='word_1_51' title='bbox 550 729 692 776; x_wconf 86' lang='lat' dir='ltr'>lemyng</span> <span class='ocrx_word' id='word_1_52' title='bbox 722 729 891 763; x_wconf 88' lang='lat' dir='ltr'>notarium</span> <span class='ocrx_word' id='word_1_53' title='bbox 920 728 1027 764; x_wconf 91' lang='lat' dir='ltr'>eciam</span> <span class='ocrx_word' id='word_1_54' title='bbox 1053 728 1225 776; x_wconf 86' lang='lat' dir='ltr'>publicum</span> <span class='ocrx_word' id='word_1_55' title='bbox 1245 729 1335 776; x_wconf 88' lang='lat' dir='ltr'>apud</span> <span class='ocrx_word' id='word_1_56' title='bbox 1357 727 1499 777; x_wconf 83' lang='lat' dir='ltr'>Glasgw</span> <span class='ocrx_word' id='word_1_57' title='bbox 1530 730 1605 777; x_wconf 74' lang='lat' dir='ltr'>xxj³²</span> <span class='ocrx_word' id='word_1_58' title='bbox 1635 730 1691 765; x_wconf 90' lang='lat' dir='ltr'>die</span> 
     </span>
     <span class='ocr_line' id='line_1_9' title="bbox 330 788 1689 837; baseline 0.001 -14"><span class='ocrx_word' id='word_1_59' title='bbox 330 789 457 824; x_wconf 84' lang='lat' dir='ltr'>mensis</span> <span class='ocrx_word' id='word_1_60' title='bbox 477 788 599 836; x_wconf 90' lang='lat' dir='ltr'>Marcij</span> <span class='ocrx_word' id='word_1_61' title='bbox 634 802 724 824; x_wconf 88' lang='lat' dir='ltr'>anno</span> <span class='ocrx_word' id='word_1_62' title='bbox 751 790 895 825; x_wconf 89' lang='lat' dir='ltr'>Domini</span> <span class='ocrx_word' id='word_1_63' title='bbox 914 796 969 825; x_wconf 85' lang='lat' dir='ltr'>etc</span> <span class='ocrx_word' id='word_1_64' title='bbox 987 789 1250 837; x_wconf 85' lang='lat' dir='ltr'>quadragesimo</span> <span class='ocrx_word' id='word_1_65' title='bbox 1281 790 1392 837; x_wconf 89' lang='lat' dir='ltr'>primo</span> <span class='ocrx_word' id='word_1_66' title='bbox 1419 797 1510 826; x_wconf 89' lang='lat' dir='ltr'>teste</span> <span class='ocrx_word' id='word_1_67' title='bbox 1542 790 1689 837; x_wconf 90' lang='lat' dir='ltr'>manualj</span> 
     </span>
     <span class='ocr_line' id='line_1_10' title="bbox 330 850 751 897; baseline 0.005 -14"><span class='ocrx_word' id='word_1_68' title='bbox 330 862 405 884; x_wconf 87' lang='lat' dir='ltr'>mea</span> <span class='ocrx_word' id='word_1_69' title='bbox 424 850 677 897; x_wconf 80' lang='lat' dir='ltr'>subscriptione</span> <span class='ocrx_word' id='word_1_70' title='bbox 697 857 751 885; x_wconf 85' lang='lat' dir='ltr'>etc</span> 
     </span>
    </p>
   </div>
   <div class='ocr_carea' id='block_1_5' title="bbox 1002 971 1691 1080">
    <p class='ocr_par' dir='ltr' id='par_1_5' title="bbox 1002 971 1691 1080">
     <span class='ocr_line' id='line_1_11' title="bbox 1002 971 1691 1020; baseline 0.001 -14"><span class='ocrx_word' id='word_1_71' title='bbox 1002 971 1154 1006; x_wconf 83' lang='lat' dir='ltr'>Thomas</span> <span class='ocrx_word' id='word_1_72' title='bbox 1173 971 1347 1019; x_wconf 81' lang='lat' dir='ltr'>Flemyng</span> <span class='ocrx_word' id='word_1_73' title='bbox 1361 972 1514 1007; x_wconf 86' lang='lat' dir='ltr'>notarius</span> <span class='ocrx_word' id='word_1_74' title='bbox 1534 972 1691 1020; x_wconf 89' lang='lat' dir='ltr'>publicus</span> 
     </span>
     <span class='ocr_line' id='line_1_12' title="bbox 1068 1033 1547 1080; baseline 0.004 -14"><span class='ocrx_word' id='word_1_75' title='bbox 1068 1033 1115 1067; x_wconf 91' lang='lat' dir='ltr'>ita</span> <span class='ocrx_word' id='word_1_76' title='bbox 1135 1033 1272 1080; x_wconf 86' lang='lat' dir='ltr'>scripsit</span> <span class='ocrx_word' id='word_1_77' title='bbox 1290 1039 1326 1068; x_wconf 84' lang='lat' dir='ltr'>et</span> <span class='ocrx_word' id='word_1_78' title='bbox 1343 1033 1547 1080; x_wconf 86' lang='lat' dir='ltr'>subscripsit</span> 
     </span>
    </p>
   </div>
   <div class='ocr_carea' id='block_1_6' title="bbox 232 1215 1643 1262">
    <p class='ocr_par' dir='ltr' id='par_1_6' title="bbox 232 1215 1643 1262">
     <span class='ocr_line' id='line_1_13' title="bbox 232 1215 1643 1262; baseline 0.001 -11"><span class='ocrx_word' id='word_1_79' title='bbox 232 1216 451 1251; x_wconf 85' lang='lat' dir='ltr'>Presentatio</span> <span class='ocrx_word' id='word_1_80' title='bbox 471 1216 601 1251; x_wconf 89' lang='lat' dir='ltr'>domini</span> <span class='ocrx_word' id='word_1_81' title='bbox 619 1216 766 1251; x_wconf 83' lang='lat' dir='ltr'>Joannis</span> <span class='ocrx_word' id='word_1_82' title='bbox 787 1215 868 1250; x_wconf 87' lang='lat' dir='ltr'>Law</span> <span class='ocrx_word' id='word_1_83' title='bbox 887 1216 930 1250; x_wconf 90' lang='lat' dir='ltr'>ad</span> <span class='ocrx_word' id='word_1_84' title='bbox 949 1216 1171 1262; x_wconf 83' lang='lat' dir='ltr'>capellaniam</span> <span class='ocrx_word' id='word_1_85' title='bbox 1193 1216 1279 1250; x_wconf 89' lang='lat' dir='ltr'>Diui</span> <span class='ocrx_word' id='word_1_86' title='bbox 1300 1216 1411 1251; x_wconf 88' lang='lat' dir='ltr'>Rochi</span> <span class='ocrx_word' id='word_1_87' title='bbox 1430 1217 1643 1252; x_wconf 87' lang='lat' dir='ltr'>confessoris</span> 
     </span>
    </p>
   </div>
   <div class='ocr_carea' id='block_1_7' title="bbox 227 1310 1690 2304">
    <p class='ocr_par' dir='ltr' id='par_1_7' title="bbox 227 1310 1690 2304">
     <span class='ocr_line' id='line_1_14' title="bbox 232 1310 1690 1388; baseline 0 -13"><span class='ocrx_word' id='word_1_88' title='bbox 232 1310 400 1376; x_wconf 74' lang='lat' dir='ltr'>Jacobus</span> <span class='ocrx_word' id='word_1_89' title='bbox 422 1341 623 1376; x_wconf 89' lang='lat' dir='ltr'>Hamiltoun</span> <span class='ocrx_word' id='word_1_90' title='bbox 642 1341 858 1376; x_wconf 74' lang='lat' dir='ltr'>subdecanus</span> <span class='ocrx_word' id='word_1_91' title='bbox 877 1341 1059 1388; x_wconf 83' lang='lat' dir='ltr'>presidens</span> <span class='ocrx_word' id='word_1_92' title='bbox 1077 1355 1116 1376; x_wconf 89' lang='lat' dir='ltr'>ac</span> <span class='ocrx_word' id='word_1_93' title='bbox 1137 1341 1335 1388; x_wconf 88' lang='lat' dir='ltr'>Capitulum</span> <span class='ocrx_word' id='word_1_94' title='bbox 1354 1341 1501 1376; x_wconf 84' lang='lat' dir='ltr'>ecclesie</span> <span class='ocrx_word' id='word_1_95' title='bbox 1520 1348 1690 1388; x_wconf 88' lang='lat' dir='ltr'>metropo-</span> 
     </span>
     <span class='ocr_line' id='line_1_15' title="bbox 233 1402 1689 1449; baseline -0.001 -12"><span class='ocrx_word' id='word_1_96' title='bbox 233 1403 338 1438; x_wconf 88' lang='lat' dir='ltr'>litane</span> <span class='ocrx_word' id='word_1_97' title='bbox 353 1402 585 1449; x_wconf 85' lang='lat' dir='ltr'>Glasguensis</span> <span class='ocrx_word' id='word_1_98' title='bbox 597 1402 735 1449; x_wconf 88' lang='lat' dir='ltr'>patroni</span> <span class='ocrx_word' id='word_1_99' title='bbox 748 1402 931 1437; x_wconf 83' lang='lat' dir='ltr'>indubitati</span> <span class='ocrx_word' id='word_1_100' title='bbox 944 1402 1134 1449; x_wconf 85' lang='lat' dir='ltr'>capellanie</span> <span class='ocrx_word' id='word_1_101' title='bbox 1148 1402 1232 1437; x_wconf 89' lang='lat' dir='ltr'>Diui</span> <span class='ocrx_word' id='word_1_102' title='bbox 1247 1402 1357 1436; x_wconf 80' lang='lat' dir='ltr'>Rochi</span> <span class='ocrx_word' id='word_1_103' title='bbox 1371 1402 1578 1437; x_wconf 84' lang='lat' dir='ltr'>confessoris</span> <span class='ocrx_word' id='word_1_104' title='bbox 1591 1415 1689 1449; x_wconf 90' lang='lat' dir='ltr'>quam</span> 
     </span>
     <span class='ocr_line' id='line_1_16' title="bbox 230 1463 1688 1510; baseline -0.001 -12"><span class='ocrx_word' id='word_1_105' title='bbox 230 1464 358 1498; x_wconf 88' lang='lat' dir='ltr'>dudum</span> <span class='ocrx_word' id='word_1_106' title='bbox 378 1463 536 1498; x_wconf 87' lang='lat' dir='ltr'>dominus</span> <span class='ocrx_word' id='word_1_107' title='bbox 552 1463 703 1498; x_wconf 86' lang='lat' dir='ltr'>Thomas</span> <span class='ocrx_word' id='word_1_108' title='bbox 719 1463 892 1510; x_wconf 81' lang='lat' dir='ltr'>Flemyng</span> <span class='ocrx_word' id='word_1_109' title='bbox 910 1463 1110 1510; x_wconf 80' lang='lat' dir='ltr'>possidebat</span> <span class='ocrx_word' id='word_1_110' title='bbox 1123 1464 1224 1510; x_wconf 85' lang='lat' dir='ltr'>juxta</span> <span class='ocrx_word' id='word_1_111' title='bbox 1239 1463 1414 1498; x_wconf 88' lang='lat' dir='ltr'>ciuitatem</span> <span class='ocrx_word' id='word_1_112' title='bbox 1433 1463 1688 1510; x_wconf 82' lang='lat' dir='ltr'>Glasguensem</span> 
     </span>
     <span class='ocr_line' id='line_1_17' title="bbox 230 1523 1689 1571; baseline -0.001 -12"><span class='ocrx_word' id='word_1_113' title='bbox 230 1525 354 1559; x_wconf 87' lang='lat' dir='ltr'>situate</span> <span class='ocrx_word' id='word_1_114' title='bbox 381 1534 389 1561; x_wconf 81' lang='lat' dir='ltr'>l</span> <span class='ocrx_word' id='word_1_115' title='bbox 417 1523 726 1558; x_wconf 87' lang='lat' dir='ltr'>Reuerendissimo</span> <span class='ocrx_word' id='word_1_116' title='bbox 761 1524 794 1557; x_wconf 92' lang='lat' dir='ltr'>in</span> <span class='ocrx_word' id='word_1_117' title='bbox 834 1523 915 1571; x_wconf 90' lang='lat' dir='ltr'>Xpo</span> <span class='ocrx_word' id='word_1_118' title='bbox 946 1524 1034 1571; x_wconf 87' lang='lat' dir='ltr'>patri</span> <span class='ocrx_word' id='word_1_119' title='bbox 1066 1531 1101 1558; x_wconf 88' lang='lat' dir='ltr'>et</span> <span class='ocrx_word' id='word_1_120' title='bbox 1133 1524 1270 1558; x_wconf 90' lang='lat' dir='ltr'>domino</span> <span class='ocrx_word' id='word_1_121' title='bbox 1301 1524 1433 1560; x_wconf 87' lang='lat' dir='ltr'>Jacobo</span> <span class='ocrx_word' id='word_1_122' title='bbox 1464 1524 1689 1559; x_wconf 86' lang='lat' dir='ltr'>miseracione</span> 
     </span>
     <span class='ocr_line' id='line_1_18' title="bbox 230 1584 1689 1632; baseline -0.001 -12"><span class='ocrx_word' id='word_1_123' title='bbox 230 1586 346 1620; x_wconf 72' lang='lat' dir='ltr'>diuina</span> <span class='ocrx_word' id='word_1_124' title='bbox 364 1585 578 1632; x_wconf 84' lang='lat' dir='ltr'>Glasguensi</span> <span class='ocrx_word' id='word_1_125' title='bbox 597 1584 857 1632; x_wconf 83' lang='lat' dir='ltr'>archiepiscopo</span> <span class='ocrx_word' id='word_1_126' title='bbox 875 1591 1062 1631; x_wconf 84' lang='lat' dir='ltr'>vestroque</span> <span class='ocrx_word' id='word_1_127' title='bbox 1082 1585 1116 1619; x_wconf 90' lang='lat' dir='ltr'>in</span> <span class='ocrx_word' id='word_1_128' title='bbox 1136 1584 1372 1631; x_wconf 83' lang='lat' dir='ltr'>spiritualibus</span> <span class='ocrx_word' id='word_1_129' title='bbox 1387 1585 1515 1619; x_wconf 87' lang='lat' dir='ltr'>vicario</span> <span class='ocrx_word' id='word_1_130' title='bbox 1533 1584 1689 1631; x_wconf 82' lang='lat' dir='ltr'>generali</span> 
     </span>
     <span class='ocr_line' id='line_1_19' title="bbox 230 1645 1689 1692; baseline -0.001 -11"><span class='ocrx_word' id='word_1_131' title='bbox 230 1647 374 1682; x_wconf 88' lang='lat' dir='ltr'>salutem</span> <span class='ocrx_word' id='word_1_132' title='bbox 419 1646 478 1680; x_wconf 88' lang='lat' dir='ltr'>Ad</span> <span class='ocrx_word' id='word_1_133' title='bbox 497 1646 620 1680; x_wconf 89' lang='lat' dir='ltr'>dictam</span> <span class='ocrx_word' id='word_1_134' title='bbox 641 1645 864 1692; x_wconf 85' lang='lat' dir='ltr'>capellaniam</span> <span class='ocrx_word' id='word_1_135' title='bbox 886 1645 971 1679; x_wconf 90' lang='lat' dir='ltr'>Diui</span> <span class='ocrx_word' id='word_1_136' title='bbox 993 1645 1103 1680; x_wconf 89' lang='lat' dir='ltr'>Rochi</span> <span class='ocrx_word' id='word_1_137' title='bbox 1123 1645 1331 1680; x_wconf 84' lang='lat' dir='ltr'>confessoris</span> <span class='ocrx_word' id='word_1_138' title='bbox 1346 1646 1414 1692; x_wconf 87' lang='lat' dir='ltr'>jam</span> <span class='ocrx_word' id='word_1_139' title='bbox 1434 1652 1612 1680; x_wconf 82' lang='lat' dir='ltr'>vacantem</span> <span class='ocrx_word' id='word_1_140' title='bbox 1629 1658 1689 1692; x_wconf 91' lang='lat' dir='ltr'>per</span> 
     </span>
     <span class='ocr_line' id='line_1_20' title="bbox 230 1705 1690 1753; baseline -0.001 -11"><span class='ocrx_word' id='word_1_141' title='bbox 230 1708 357 1742; x_wconf 88' lang='lat' dir='ltr'>obitum</span> <span class='ocrx_word' id='word_1_142' title='bbox 378 1707 460 1742; x_wconf 89' lang='lat' dir='ltr'>dicti</span> <span class='ocrx_word' id='word_1_143' title='bbox 479 1707 607 1741; x_wconf 89' lang='lat' dir='ltr'>domini</span> <span class='ocrx_word' id='word_1_144' title='bbox 627 1706 762 1741; x_wconf 90' lang='lat' dir='ltr'>Thome</span> <span class='ocrx_word' id='word_1_145' title='bbox 782 1706 955 1753; x_wconf 82' lang='lat' dir='ltr'>Flemyng</span> <span class='ocrx_word' id='word_1_146' title='bbox 973 1706 1064 1740; x_wconf 90' lang='lat' dir='ltr'>illius</span> <span class='ocrx_word' id='word_1_147' title='bbox 1085 1705 1194 1741; x_wconf 87' lang='lat' dir='ltr'>Vltimi</span> <span class='ocrx_word' id='word_1_148' title='bbox 1221 1706 1391 1753; x_wconf 89' lang='lat' dir='ltr'>capellani</span> <span class='ocrx_word' id='word_1_149' title='bbox 1418 1713 1454 1741; x_wconf 89' lang='lat' dir='ltr'>et</span> <span class='ocrx_word' id='word_1_150' title='bbox 1480 1706 1690 1753; x_wconf 83' lang='lat' dir='ltr'>possessoris</span> 
     </span>
     <span class='ocr_line' id='line_1_21' title="bbox 229 1766 1689 1815; baseline -0.001 -12"><span class='ocrx_word' id='word_1_151' title='bbox 229 1769 271 1803; x_wconf 92' lang='lat' dir='ltr'>ad</span> <span class='ocrx_word' id='word_1_152' title='bbox 290 1775 442 1803; x_wconf 89' lang='lat' dir='ltr'>nostram</span> <span class='ocrx_word' id='word_1_153' title='bbox 461 1768 754 1815; x_wconf 87' lang='lat' dir='ltr'>presentationem</span> <span class='ocrx_word' id='word_1_154' title='bbox 773 1773 993 1814; x_wconf 83' lang='lat' dir='ltr'>vestramque</span> <span class='ocrx_word' id='word_1_155' title='bbox 1012 1767 1230 1802; x_wconf 87' lang='lat' dir='ltr'>collationem</span> <span class='ocrx_word' id='word_1_156' title='bbox 1250 1766 1457 1802; x_wconf 84' lang='lat' dir='ltr'>ordinariam</span> <span class='ocrx_word' id='word_1_157' title='bbox 1476 1774 1689 1814; x_wconf 85' lang='lat' dir='ltr'>spectantem</span> 
     </span>
     <span class='ocr_line' id='line_1_22' title="bbox 230 1826 1689 1875; baseline -0.001 -11"><span class='ocrx_word' id='word_1_158' title='bbox 230 1830 392 1864; x_wconf 89' lang='lat' dir='ltr'>dilectum</span> <span class='ocrx_word' id='word_1_159' title='bbox 412 1835 566 1864; x_wconf 87' lang='lat' dir='ltr'>nostrum</span> <span class='ocrx_word' id='word_1_160' title='bbox 585 1829 759 1864; x_wconf 88' lang='lat' dir='ltr'>dominum</span> <span class='ocrx_word' id='word_1_161' title='bbox 785 1829 957 1865; x_wconf 86' lang='lat' dir='ltr'>Joaunem</span> <span class='ocrx_word' id='word_1_162' title='bbox 978 1826 1064 1863; x_wconf 87' lang='lat' dir='ltr'>Law</span> <span class='ocrx_word' id='word_1_163' title='bbox 1090 1828 1325 1875; x_wconf 89' lang='lat' dir='ltr'>presbiterum</span> <span class='ocrx_word' id='word_1_164' title='bbox 1343 1828 1434 1863; x_wconf 90' lang='lat' dir='ltr'>dicte</span> <span class='ocrx_word' id='word_1_165' title='bbox 1457 1828 1689 1875; x_wconf 83' lang='lat' dir='ltr'>Glasguensis</span> 
     </span>
     <span class='ocr_line' id='line_1_23' title="bbox 229 1890 1689 1937; baseline -0.001 -11"><span class='ocrx_word' id='word_1_166' title='bbox 229 1891 377 1926; x_wconf 88' lang='lat' dir='ltr'>diocesis</span> <span class='ocrx_word' id='word_1_167' title='bbox 395 1891 518 1926; x_wconf 88' lang='lat' dir='ltr'>eedem</span> <span class='ocrx_word' id='word_1_168' title='bbox 536 1897 653 1926; x_wconf 84' lang='lat' dir='ltr'>vestre</span> <span class='ocrx_word' id='word_1_169' title='bbox 672 1890 964 1926; x_wconf 89' lang='lat' dir='ltr'>reuerendissime</span> <span class='ocrx_word' id='word_1_170' title='bbox 991 1890 1192 1937; x_wconf 86' lang='lat' dir='ltr'>paternitati</span> <span class='ocrx_word' id='word_1_171' title='bbox 1219 1903 1281 1925; x_wconf 89' lang='lat' dir='ltr'>seu</span> <span class='ocrx_word' id='word_1_172' title='bbox 1299 1896 1417 1925; x_wconf 90' lang='lat' dir='ltr'>vestro</span> <span class='ocrx_word' id='word_1_173' title='bbox 1443 1890 1478 1924; x_wconf 87' lang='lat' dir='ltr'>in</span> <span class='ocrx_word' id='word_1_174' title='bbox 1506 1890 1689 1937; x_wconf 88' lang='lat' dir='ltr'>spirituali-</span> 
     </span>
     <span class='ocr_line' id='line_1_24' title="bbox 228 1951 1688 1999; baseline -0.001 -12"><span class='ocrx_word' id='word_1_175' title='bbox 228 1953 291 1987; x_wconf 93' lang='lat' dir='ltr'>bus</span> <span class='ocrx_word' id='word_1_176' title='bbox 310 1952 438 1987; x_wconf 87' lang='lat' dir='ltr'>vicario</span> <span class='ocrx_word' id='word_1_177' title='bbox 455 1951 613 1999; x_wconf 87' lang='lat' dir='ltr'>generali</span> <span class='ocrx_word' id='word_1_178' title='bbox 631 1957 753 1986; x_wconf 90' lang='lat' dir='ltr'>tenore</span> <span class='ocrx_word' id='word_1_179' title='bbox 772 1951 990 1998; x_wconf 87' lang='lat' dir='ltr'>presencium</span> <span class='ocrx_word' id='word_1_180' title='bbox 1010 1958 1250 1998; x_wconf 87' lang='lat' dir='ltr'>presentamus</span> <span class='ocrx_word' id='word_1_181' title='bbox 1294 1951 1451 1986; x_wconf 88' lang='lat' dir='ltr'>Eandem</span> <span class='ocrx_word' id='word_1_182' title='bbox 1471 1951 1688 1986; x_wconf 83' lang='lat' dir='ltr'>exhortando</span> 
     </span>
     <span class='ocr_line' id='line_1_25' title="bbox 228 2011 1687 2061; baseline -0.001 -13"><span class='ocrx_word' id='word_1_183' title='bbox 228 2020 392 2060; x_wconf 82' lang='lat' dir='ltr'>rogantes</span> <span class='ocrx_word' id='word_1_184' title='bbox 419 2019 588 2061; x_wconf 87' lang='lat' dir='ltr'>quatenus</span> <span class='ocrx_word' id='word_1_185' title='bbox 615 2013 743 2048; x_wconf 88' lang='lat' dir='ltr'>dictum</span> <span class='ocrx_word' id='word_1_186' title='bbox 765 2013 939 2047; x_wconf 90' lang='lat' dir='ltr'>dominum</span> <span class='ocrx_word' id='word_1_187' title='bbox 965 2012 1136 2048; x_wconf 86' lang='lat' dir='ltr'>Joannem</span> <span class='ocrx_word' id='word_1_188' title='bbox 1164 2011 1248 2047; x_wconf 90' lang='lat' dir='ltr'>Law</span> <span class='ocrx_word' id='word_1_189' title='bbox 1267 2018 1421 2046; x_wconf 89' lang='lat' dir='ltr'>nostrum</span> <span class='ocrx_word' id='word_1_190' title='bbox 1453 2017 1687 2059; x_wconf 88' lang='lat' dir='ltr'>presentatum</span> 
     </span>
     <span class='ocr_line' id='line_1_26' title="bbox 229 2073 1688 2121; baseline -0.001 -13"><span class='ocrx_word' id='word_1_191' title='bbox 229 2074 262 2108; x_wconf 90' lang='lat' dir='ltr'>in</span> <span class='ocrx_word' id='word_1_192' title='bbox 278 2080 314 2108; x_wconf 86' lang='lat' dir='ltr'>et</span> <span class='ocrx_word' id='word_1_193' title='bbox 331 2074 372 2108; x_wconf 87' lang='lat' dir='ltr'>ad</span> <span class='ocrx_word' id='word_1_194' title='bbox 393 2074 538 2109; x_wconf 87' lang='lat' dir='ltr'>eandem</span> <span class='ocrx_word' id='word_1_195' title='bbox 554 2074 777 2121; x_wconf 88' lang='lat' dir='ltr'>capellaniam</span> <span class='ocrx_word' id='word_1_196' title='bbox 798 2073 847 2108; x_wconf 87' lang='lat' dir='ltr'>sic</span> <span class='ocrx_word' id='word_1_197' title='bbox 860 2080 898 2108; x_wconf 86' lang='lat' dir='ltr'>vt</span> <span class='ocrx_word' id='word_1_198' title='bbox 915 2073 1126 2120; x_wconf 88' lang='lat' dir='ltr'>premittitur</span> <span class='ocrx_word' id='word_1_199' title='bbox 1141 2080 1319 2108; x_wconf 85' lang='lat' dir='ltr'>vacantem</span> <span class='ocrx_word' id='word_1_200' title='bbox 1339 2073 1496 2120; x_wconf 86' lang='lat' dir='ltr'>recipere</span> <span class='ocrx_word' id='word_1_201' title='bbox 1517 2080 1552 2108; x_wconf 87' lang='lat' dir='ltr'>et</span> <span class='ocrx_word' id='word_1_202' title='bbox 1570 2073 1688 2108; x_wconf 88' lang='lat' dir='ltr'>admit-</span> 
     </span>
     <span class='ocr_line' id='line_1_27' title="bbox 227 2133 1689 2182; baseline -0.001 -13"><span class='ocrx_word' id='word_1_203' title='bbox 227 2142 302 2169; x_wconf 86' lang='lat' dir='ltr'>tere</span> <span class='ocrx_word' id='word_1_204' title='bbox 322 2135 536 2182; x_wconf 88' lang='lat' dir='ltr'>eandemque</span> <span class='ocrx_word' id='word_1_205' title='bbox 556 2135 620 2170; x_wconf 93' lang='lat' dir='ltr'>sibi</span> <span class='ocrx_word' id='word_1_206' title='bbox 647 2135 806 2169; x_wconf 87' lang='lat' dir='ltr'>conferre</span> <span class='ocrx_word' id='word_1_207' title='bbox 825 2140 861 2169; x_wconf 86' lang='lat' dir='ltr'>et</span> <span class='ocrx_word' id='word_1_208' title='bbox 889 2134 932 2169; x_wconf 89' lang='lat' dir='ltr'>de</span> <span class='ocrx_word' id='word_1_209' title='bbox 960 2134 1080 2169; x_wconf 89' lang='lat' dir='ltr'>eadem</span> <span class='ocrx_word' id='word_1_210' title='bbox 1108 2134 1171 2168; x_wconf 90' lang='lat' dir='ltr'>sibi</span> <span class='ocrx_word' id='word_1_211' title='bbox 1198 2134 1403 2169; x_wconf 86' lang='lat' dir='ltr'>auctoritate</span> <span class='ocrx_word' id='word_1_212' title='bbox 1423 2133 1595 2168; x_wconf 87' lang='lat' dir='ltr'>ordinaria</span> <span class='ocrx_word' id='word_1_213' title='bbox 1612 2146 1689 2180; x_wconf 89' lang='lat' dir='ltr'>pro·</span> 
     </span>
     <span class='ocr_line' id='line_1_28' title="bbox 227 2194 1689 2243; baseline -0.001 -13"><span class='ocrx_word' id='word_1_214' title='bbox 227 2196 347 2230; x_wconf 89' lang='lat' dir='ltr'>uidere</span> <span class='ocrx_word' id='word_1_215' title='bbox 360 2208 399 2230; x_wconf 89' lang='lat' dir='ltr'>ac</span> <span class='ocrx_word' id='word_1_216' title='bbox 410 2196 520 2243; x_wconf 89' lang='lat' dir='ltr'>ipsum</span> <span class='ocrx_word' id='word_1_217' title='bbox 533 2196 588 2231; x_wconf 82' lang='lat' dir='ltr'>vel</span> <span class='ocrx_word' id='word_1_218' title='bbox 604 2202 861 2243; x_wconf 86' lang='lat' dir='ltr'>procuratorem</span> <span class='ocrx_word' id='word_1_219' title='bbox 876 2195 1082 2242; x_wconf 85' lang='lat' dir='ltr'>legittimum</span> <span class='ocrx_word' id='word_1_220' title='bbox 1095 2195 1169 2230; x_wconf 88' lang='lat' dir='ltr'>eius</span> <span class='ocrx_word' id='word_1_221' title='bbox 1182 2195 1319 2229; x_wconf 89' lang='lat' dir='ltr'>nomine</span> <span class='ocrx_word' id='word_1_222' title='bbox 1332 2194 1366 2228; x_wconf 92' lang='lat' dir='ltr'>in</span> <span class='ocrx_word' id='word_1_223' title='bbox 1379 2194 1507 2229; x_wconf 89' lang='lat' dir='ltr'>realem</span> <span class='ocrx_word' id='word_1_224' title='bbox 1521 2194 1689 2229; x_wconf 87' lang='lat' dir='ltr'>actualem</span> 
     </span>
     <span class='ocr_line' id='line_1_29' title="bbox 228 2255 1689 2304; baseline -0.001 -13"><span class='ocrx_word' id='word_1_225' title='bbox 228 2263 263 2292; x_wconf 89' lang='lat' dir='ltr'>et</span> <span class='ocrx_word' id='word_1_226' title='bbox 293 2257 505 2303; x_wconf 86' lang='lat' dir='ltr'>corporalem</span> <span class='ocrx_word' id='word_1_227' title='bbox 532 2257 787 2304; x_wconf 89' lang='lat' dir='ltr'>possessionem</span> <span class='ocrx_word' id='word_1_228' title='bbox 826 2256 917 2291; x_wconf 88' lang='lat' dir='ltr'>dicte</span> <span class='ocrx_word' id='word_1_229' title='bbox 957 2255 1147 2302; x_wconf 85' lang='lat' dir='ltr'>capellanie</span> <span class='ocrx_word' id='word_1_230' title='bbox 1182 2255 1366 2302; x_wconf 88' lang='lat' dir='ltr'>jurumque</span> <span class='ocrx_word' id='word_1_231' title='bbox 1403 2255 1689 2302; x_wconf 85' lang='lat' dir='ltr'>pertinentiarum</span> 
     </span>
    </p>
   </div>
  </div>
 </body>
</html>
