1922 2764
627 235 668 269 B.
698 235 744 269 V.
773 234 943 269 MARIE
972 235 1040 269 ET
1069 235 1103 270 S.
1134 235 1290 270 ANNE.
1647 241 1689 277 17

231 342 293 376 pro
305 336 461 377 tempore
474 331 704 366 existentibus
717 331 918 378 simpliciter
930 344 1112 366 reseruare
1144 331 1292 366 Necnon
1307 339 1342 367 et
1353 333 1516 368 vicarium
1529 335 1689 381 pension-

230 390 336 424 arium
355 391 605 426 instituendum
625 398 660 427 et
674 392 748 426 eius
767 405 986 427 successores
1005 393 1047 426 ad
1065 392 1154 439 apud
1171 392 1293 427 dictam
1313 393 1560 439 parrochialem
1581 395 1689 429 eecle-

231 451 313 486 siam
331 465 393 498 pro
412 452 503 486 illius
518 465 600 487 cure
615 453 911 487 administratione
929 461 937 489 l
954 453 1175 488 canonicatus
1190 466 1273 487 vero
1289 460 1324 487 et
1338 453 1424 487 duos
1442 454 1690 500 prebendarios

229 511 381 558 prefatos
408 518 444 547 et
471 525 589 547 eorum
621 526 840 548 successores
867 513 910 548 ad
937 514 1028 560 apud
1055 513 1180 548 dictam
1209 513 1438 560 Collegiatam
1471 514 1663 550 Ecclesiam
1681 525 1688 551 l

230 572 425 607 continuam
444 573 665 608 residentiam
680 574 876 621 respectiue
889 574 1079 609 faciendam
1101 574 1148 608 Et
1165 573 1249 608 inibi
1266 574 1388 620 ljuxta
1406 574 1513 620 ipsius
1532 575 1689 610 Ecclesie

231 632 427 679 Collegiate
448 634 660 670 fundationis
688 641 723 669 et
748 635 933 670 erectionis
960 647 999 669 ac
1027 640 1231 669 statutorum
1260 634 1482 668 laudabilium
1506 635 1540 668 in
1567 636 1687 670 eadem

229 706 320 728 nunc
345 700 380 729 et
403 707 465 741 pro
492 701 648 742 tempore
676 695 892 730 conditorum
919 701 1060 730 tenores
1077 703 1085 730 l
1102 700 1139 728 vt
1164 695 1376 742 premittitur
1404 707 1542 729 exnunc
1561 702 1596 730 et
1614 709 1690 742 per-

228 755 341 801 petuis
355 755 479 789 futuris
494 755 707 802 temporibus
722 756 971 790 deseruiendos
989 756 1043 790 Ac
1059 755 1100 790 ad
1116 755 1306 789 solutiones
1324 755 1475 802 prefatas
1494 756 1689 802 respectiue

229 821 265 850 vt
277 815 487 862 premittitur
498 816 673 850 faciendas
686 816 734 851 Et
745 816 881 863 singula
893 829 998 851 onera
1010 814 1212 863 [ordinaria]
1224 822 1259 850 et
1271 816 1545 851 extraordinaria
1557 817 1688 863 prefata

228 876 460 923 impendenda
476 885 484 913 l
501 889 574 911 cum
604 877 792 911 eorundem
812 876 939 911 vicarie
966 877 1186 924 pensionarie
1210 883 1245 911 et
1263 877 1525 911 canonicatuum
1551 889 1589 911 ac
1613 890 1689 923 pre-

228 938 417 972 bendarum
431 938 664 984 predictorum
683 937 716 971 in
730 937 1025 972 contrauentionis
1041 944 1168 972 euentu
1183 937 1372 972 vacationis
1384 937 1526 972 decreto
1539 938 1689 983 desuper

227 998 342 1032 fiendo
362 998 389 1032 si
405 1011 504 1033 secus
519 998 552 1032 in
572 998 748 1046 premissis
767 1011 828 1045 per
845 1011 903 1032 eos
923 1011 984 1032 seu
1000 1011 1116 1033 eorum
1137 998 1284 1045 aliquem
1304 998 1402 1032 simul
1418 998 1473 1032 vel
1493 998 1689 1044 respectiue

227 1058 443 1105 aliquatenus
461 1059 586 1094 factum
604 1059 711 1093 fuerit
729 1059 783 1093 vel
811 1059 845 1092 in
873 1059 1025 1093 futurum
1051 1059 1126 1093 fieri
1146 1059 1371 1105 quouismoclo
1391 1059 1577 1105 contigerit
1594 1067 1602 1094 l
1618 1071 1689 1093 res-

227 1119 383 1166 tringere
403 1126 438 1154 et
456 1120 610 1167 obligare
632 1129 641 1155 Ι
660 1119 809 1166 Aliaque
823 1119 938 1154 facere
953 1120 1070 1154 dicere
1089 1132 1215 1166 gerere
1231 1126 1266 1153 et
1284 1132 1452 1154 exercere
1467 1132 1533 1166 que
1553 1119 1594 1153 ad
1614 1131 1688 1166 pas-

227 1180 344 1215 toralis
364 1181 463 1215 officii
482 1193 596 1215 curam
621 1180 655 1214 in
682 1180 859 1227 premissis
888 1180 1089 1214 incumbunt
1115 1180 1316 1227 peragenda
1332 1189 1340 1215 l
1356 1180 1399 1214 de
1418 1180 1530 1227 gratia
1549 1179 1688 1226 speciali

227 1241 346 1276 eadem
361 1247 478 1276 vestra
495 1241 673 1276 beatitudo
693 1254 753 1275 seu
772 1241 1064 1275 reuerendissima
1081 1241 1271 1288 paternitas
1289 1240 1485 1287 respectiue
1501 1240 1664 1287 dignetur
1683 1260 1687 1264 ·

227 1301 282 1336 IN
302 1315 445 1348 quorum
466 1302 615 1337 omnium
634 1308 670 1337 et
688 1302 902 1349 singulorum
917 1302 1019 1335 fidem
1040 1307 1073 1336 et
1094 1301 1327 1336 testimonium
1346 1301 1590 1348 premissorum
1609 1314 1687 1348 pre-

227 1370 344 1398 sentes
355 1363 489 1398 litteras
501 1369 660 1410 patentes
678 1372 685 1399 l
703 1363 775 1397 siue
789 1363 852 1397 hoc
864 1375 1009 1409 presens
1022 1362 1195 1409 publicum
1208 1363 1472 1397 instrumentum
1491 1371 1499 1398 l
1515 1362 1687 1396 huiusmo-

226 1424 261 1458 di
279 1430 416 1458 nostros
430 1436 620 1459 consensus
635 1430 671 1458 et
688 1436 850 1458 assensus
865 1423 907 1457 ad
927 1423 1063 1470 singula
1081 1424 1248 1470 premissa
1267 1423 1300 1457 in
1321 1436 1357 1457 se
1373 1423 1593 1457 continentes
1613 1422 1686 1456 siue

226 1485 407 1520 continens
426 1485 553 1520 exinde
571 1485 646 1519 fieri
667 1484 712 1519 Et
730 1497 793 1532 per
811 1484 962 1518 notarios
989 1484 1145 1531 publicos
1173 1484 1384 1530 subscriptos
1411 1484 1507 1530 prius
1530 1483 1685 1518 manibus

226 1546 352 1580 nostris
371 1546 600 1593 subscriptum
616 1545 784 1580 subscribi
800 1550 835 1579 et
848 1545 1015 1592 publicari
1030 1545 1266 1579 mandauiinus
1284 1553 1292 1581 1
1309 1544 1481 1591 sigillique
1497 1545 1685 1579 communis

226 1607 308 1641 dicti
332 1607 441 1641 nostri
461 1606 667 1641 Monasterii
687 1606 720 1640 in
742 1606 877 1652 signum
897 1606 1054 1652 expressi
1073 1605 1182 1640 nostri
1201 1618 1391 1640 consensus
1411 1612 1445 1639 et
1463 1618 1624 1640 assensus
1643 1606 1685 1640 ad

226 1667 361 1714 singula
372 1667 537 1715 premissa
547 1667 710 1713 jussimus
723 1667 908 1701 etfccimus
921 1666 1133 1714 appensione
1142 1666 1344 1701 communiri
1362 1687 1367 1692 ·
1382 1666 1512 1700 Datum
1526 1672 1560 1700 et
1572 1672 1683 1700 actum

225 1728 257 1762 in
275 1728 423 1775 capitulo
438 1728 520 1763 dicti
539 1727 647 1762 nostri
667 1727 874 1762 Monasterii
894 1727 937 1761 de
958 1727 1199 1761 Northbcrvik
1218 1727 1317 1760 nobis
1336 1727 1419 1760 inibi
1438 1733 1623 1773 propterea
1641 1727 1682 1760 ad

226 1802 344 1823 sonum
364 1789 575 1836 campanelle
595 1795 632 1823 vt
658 1788 761 1822 moris
780 1794 833 1823 est
851 1787 1074 1834 congregatis
1096 1787 1331 1834 capitulariter
1353 1787 1460 1822 lhora
1487 1799 1576 1820 nona
1603 1793 1682 1821 ante

224 1850 402 1885 meridiem
416 1850 471 1884 vel
484 1850 617 1884 eacirca
630 1858 638 1885 l
652 1850 714 1883 sub
728 1862 817 1883 anno
830 1848 1075 1883 incarnationis
1088 1848 1272 1882 Dominice
1285 1847 1466 1881 millesimo
1478 1847 1684 1892 quingente-

225 1911 309 1945 simo
321 1910 696 1958 quadragesimoprimo
710 1918 718 1946 Ι
733 1910 788 1943 die
801 1922 885 1944 vero
896 1909 1086 1955 penultimo
1100 1908 1227 1942 mensis
1243 1907 1451 1941 Nouembris
1465 1916 1473 1943 l
1488 1907 1681 1942 Indictione

224 1970 511 2019 decima[quarta]
532 1980 539 2007 l
556 1972 774 2019 pontificatus
802 1969 1006 2004 sanctissimi
1033 1970 1067 2003 in
1089 1969 1230 2004 Christo
1248 1969 1354 2015 patris
1374 1974 1409 2002 et
1427 1968 1555 2002 domini
1574 1969 1681 2003 nostri

225 2032 366 2066 Domini
381 2033 476 2067 Pauli
489 2032 606 2066 diuina
617 2031 840 2078 prouidentia
854 2030 944 2077 Papc
958 2030 1051 2064 tertii
1063 2042 1152 2064 anno
1165 2035 1303 2063 octauo·
1318 2028 1542 2063 Presentibus
1554 2029 1680 2064 ibidem

224 2094 480 2128 venerabilibus
499 2099 534 2128 et
552 2092 711 2127 discretis
729 2091 812 2125 viris
829 2102 834 2124 ,ε’
850 2090 1034 2126 videlicet)
1051 2089 1223 2136 Magistro
1254 2089 1432 2124 Bernardo
1460 2089 1582 2136 Bailye
1608 2102 1681 2124 rec-

223 2160 298 2189 tore
313 2155 356 2189 de
372 2154 651 2200 Lammyntoune
667 2152 805 2186 domino
823 2151 979 2185 Roberto
996 2149 1250 2184 Richartsoune
1266 2149 1393 2183 vicario
1409 2149 1451 2184 de
1474 2150 1681 2184 Houstoune

223 2215 361 2249 domino
379 2215 539 2251 Johanne
558 2213 715 2248 Broistar
731 2211 908 2246 Willelmo
923 2210 1050 2244 Foular
1071 2210 1275 2244 Alexandro
1291 2209 1505 2245 Patersoune
1521 2216 1556 2245 et
1572 2210 1680 2246 Alex-

224 2276 330 2310 andro
351 2275 540 2310 Romannis
559 2274 705 2309 testibus
724 2273 765 2307 ad
785 2271 953 2319 premissa
970 2270 1100 2305 vocatis
1119 2276 1154 2305 et
1171 2270 1302 2317 rogatis
1317 2280 1324 2307 l
1342 2270 1545 2305 Elizabetha
1566 2271 1680 2305 Hume

943 2341 959 2361 C
