1922 2764
623 220 664 254 B.
693 220 739 254 V.
768 219 937 254 MARIE
967 219 1035 253 ET
1064 219 1098 253 S.
1129 219 1286 255 ANNE.
1619 225 1684 262 137

225 324 261 352 et
279 317 414 364 egregii
440 316 505 351 viri
532 316 686 364 magistri
711 316 833 352 Jacobi
854 315 1064 350 Houstoune
1088 315 1276 350 subdecani
1298 316 1528 364 Glasguensis
1547 331 1684 353 suorum

225 377 392 411 heredum
420 390 481 412 seu
512 377 762 424 assignatorum
779 384 789 413 l
806 382 966 423 tanquam
994 375 1195 410 cessionarii
1223 376 1305 410 dicti
1336 378 1491 424 magistri
1516 379 1686 414 Johannis

225 438 268 472 ad
285 437 525 472 redimendum
544 438 673 472 dictum
700 450 850 472 annuum
877 437 1052 472 redditum
1078 449 1142 483 per
1161 449 1240 471 eum
1267 437 1463 483 specialiter
1483 440 1659 475 constituti
1677 449 1685 477 Ι

223 498 417 544 resignauit
439 519 445 525 ·
470 498 550 539 Qua
576 498 813 545 resignatione
838 498 888 533 sic
905 498 995 533 facta
1020 497 1113 532 idem
1139 497 1287 532 balliuus
1315 503 1439 533 statum
1467 505 1501 534 et
1529 500 1686 535 saisinam

224 557 454 593 hereditarios
472 558 554 593 dicti
573 559 678 593 annui
702 559 859 594 redditus
885 571 948 606 per
967 558 1012 593 lie
1030 558 1117 605 hesp
1136 563 1172 592 et
1190 557 1305 605 stapill
1324 571 1364 593 ac
1382 559 1514 594 denarii
1533 560 1566 594 in
1586 573 1687 596 manu

225 618 478 666 impositionem
497 619 648 654 discreto
667 620 742 654 viro
762 619 900 654 domino
918 619 1071 655 Johanni
1100 618 1303 653 Hamiltone
1330 619 1508 666 capellano
1528 633 1687 666 procura-

225 679 290 714 tori
310 679 434 726 prefati
449 679 577 714 domini
596 680 785 715 subdecani
803 680 931 714 ibidem
949 679 1119 726 legittime
1135 679 1330 726 acceptanti
1344 679 1552 715 deliberauit
1572 701 1578 707 ·
1604 681 1688 722 Qui-

224 740 289 774 bus
313 745 403 774 statu
423 745 458 774 et
476 740 602 774 saisina
620 740 669 775 sic
687 740 888 775 deliberatis
906 740 1060 787 prefatus
1087 745 1291 787 procurator
1318 739 1514 774 huiusmodi
1539 753 1688 776 annuum

226 801 398 836 redditum
424 800 458 834 in
486 801 643 835 manibus
662 801 743 836 dicti
771 801 889 836 balliui
911 801 946 835 in
967 801 1122 836 fauorem
1142 801 1304 836 Ecclesie
1325 801 1522 849 Collegiate
1541 802 1689 838 ciuitatis

229 862 461 908 Glasguensis
487 874 551 909 per
575 862 705 896 dictum
732 862 907 896 dominum
935 862 1169 897 subdecanum
1195 862 1339 897 fundate
1366 862 1559 909 resignauit
1580 884 1586 890 ·
1612 863 1692 904 Qua

229 920 496 970 [resignatione]
519 922 568 957 sic
586 922 675 957 facta
693 922 783 957 idem
803 923 950 957 balliuus
973 928 1098 958 statum
1117 929 1153 957 et
1172 922 1330 957 saisinam
1358 922 1589 958 hereditarios
1609 924 1690 959 dicti

226 983 330 1018 annui
344 983 502 1018 redditus
516 983 655 1018 domino
666 983 819 1020 Johanni
835 983 1127 1031 Withirspowvne
1142 984 1374 1031 prebendario
1387 984 1478 1019 dicte
1493 984 1690 1031 Collegiate

227 1044 386 1080 Ecclesie
413 1044 552 1079 nomine
572 1044 727 1079 eiusdem
745 1044 928 1092 recipienti
948 1044 1155 1080 deliberauit
1176 1066 1182 1071 ·
1207 1045 1355 1092 Insuper
1374 1045 1486 1080 dictus
1511 1045 1534 1081 J
1538 1045 1690 1080 ohannes

229 1105 342 1140 VVann
368 1105 541 1140 fatebatur
571 1105 766 1140 huiusmodi
793 1118 944 1140 annuum
973 1105 1146 1140 redditum
1177 1105 1348 1153 legittime
1379 1106 1597 1153 redemptum
1629 1119 1690 1153 per

226 1166 396 1212 prefatum
414 1166 589 1200 dominum
608 1166 841 1201 subdecanum
861 1166 1108 1201 cessionarium
1127 1166 1209 1201 dicti
1232 1166 1387 1214 magistri
1405 1167 1574 1203 ,Iohannis
1595 1166 1690 1201 Wat-

227 1239 335 1262 soune
353 1240 416 1274 per
432 1226 642 1261 solutionem
661 1233 756 1262 certe
776 1239 906 1261 summe
934 1227 1080 1274 pecunie
1109 1227 1173 1261 sibi
1197 1227 1349 1263 Johanni
1375 1240 1439 1274 per
1457 1227 1586 1262 dictum
1613 1227 1690 1261 sub-

226 1288 392 1323 decanum
412 1287 589 1335 persolute
612 1308 618 1314 ·
643 1287 869 1323 Presentibus
888 1287 1016 1322 ibidem
1035 1288 1195 1322 discretis
1211 1287 1293 1322 viris
1312 1287 1459 1322 dominis
1475 1286 1689 1322 Archibaldo

229 1349 386 1384 Wilsone
406 1349 582 1384 Willelmo
602 1348 681 1383 Tod
701 1354 736 1383 et
753 1348 914 1385 Johanne
942 1348 1055 1383 Mvnn
1084 1348 1270 1395 capellanis
1296 1348 1429 1384 Jacobo
1458 1348 1636 1395 Dalgleiss
1655 1354 1689 1382 et

230 1410 385 1445 Roberto
404 1410 521 1457 Bogill

323 1532 370 1566 Et
396 1544 463 1578 ego
492 1531 658 1567 Nicolaus
678 1531 942 1578 Withirspoune
961 1531 1083 1566 artium
1103 1531 1268 1578 magister
1291 1530 1523 1577 Glasguensis
1542 1529 1688 1564 diocesis

323 1592 481 1639 publicus
501 1592 706 1639 Apostolica
725 1598 759 1627 et
779 1591 906 1638 Regali
924 1591 1185 1626 auctoritatibus
1205 1591 1359 1626 notarius
1412 1591 1505 1632 Quia
1526 1588 1620 1637 [eta]

713 1689 881 1725 Nicolaus
901 1689 1164 1736 Withirspoune
1184 1688 1388 1735 subscripsit

228 1862 298 1928 IN
325 1894 416 1929 DEI
442 1894 580 1930 nomine
600 1895 716 1930 Amen
739 1916 745 1922 -
770 1895 838 1929 Per
856 1895 922 1929 hoo
940 1894 1114 1941 publicum
1135 1892 1401 1926 instrumentum
1421 1889 1553 1924 eunctis
1571 1894 1687 1936 pateat

228 1954 319 2000 quod
337 1967 427 1990 anno
445 1955 690 1991 incarnationis
709 1955 894 1990 Dominice
913 1954 1093 1989 millesimo
1113 1951 1391 1999 quingentesimo
1410 1950 1687 1996 quadragesimo-

227 2015 374 2062 septimo
400 2015 457 2051 die
484 2029 568 2051 vero
594 2016 786 2064 penultimo
814 2016 942 2051 mensis
969 2013 1150 2049 Februarii
1167 2021 1175 2049 s
1192 2012 1233 2046 In
1261 2011 1327 2046 mei
1354 2010 1479 2045 notarii
1504 2010 1633 2056 publici
1652 2016 1687 2045 et

226 2075 366 2110 testium
393 2076 664 2124 subscriptorum
695 2076 873 2124 presentia
903 2074 1133 2122 personaliter
1163 2071 1371 2106 constitutus
1398 2071 1608 2105 venerabilis
1634 2071 1686 2106 vir

228 2135 386 2171 dominus
405 2136 639 2172 Archibaldus
658 2137 841 2171 Wilsoune
859 2140 1062 2182 procurator
1080 2132 1289 2167 venerabilis
1307 2131 1374 2166 viri
1391 2131 1547 2178 magistri
1564 2131 1686 2168 Jacobi

231 2195 414 2231 Houstone
433 2198 621 2232 subdecani
640 2196 871 2242 Glasguensis
888 2204 897 2230 l
916 2193 1164 2240 Cuiusquidem
1184 2192 1436 2240 procurationis
1455 2198 1556 2227 tenor
1575 2191 1686 2239 sequi-

229 2262 284 2288 tur
302 2260 338 2290 et
355 2261 409 2290 est
427 2257 504 2292 talis
525 2277 532 2284 ·
555 2257 618 2292 BE
638 2257 664 2291 it
680 2256 774 2291 kend
792 2255 845 2290 till
863 2254 907 2289 all
926 2266 1005 2288 men
1024 2254 1066 2288 be
1085 2253 1153 2288 thir
1171 2258 1316 2300 present
1333 2253 1456 2288 lettres
1474 2265 1528 2287 me
1547 2252 1685 2287 maister

950 2324 964 2343 S
