1922 2764
67 566 186 601 xxxvr

59 1968 191 2004 xxxvii.

236 273 307 307 260
826 270 1105 306 APPENDIX.

239 444 495 479 Tenementum
512 440 716 476 Archibaldi
733 440 900 475 Watsoun
925 461 930 467 ·
954 440 1012 487 xiij
1034 440 1133 475 solidi
1155 461 1161 467 ·
1184 440 1230 488 iiij
1247 441 1379 476 denarii
1394 440 1497 488 annuj
1512 440 1669 476 redditus
1691 460 1698 466 ·

239 536 310 601 IN
336 565 427 601 DEI
455 564 663 601 NOMINE
693 564 843 599 AMEN
870 577 933 611 per
963 564 1028 599 hoc
1046 565 1312 600 instrumentum
1339 570 1456 613 pateat
1485 563 1577 611 quod
1607 575 1697 598 anno

240 627 414 663 Cristiane
433 626 552 661 salutis
581 625 1196 673 millesimoquingentesimoseptimo
1215 626 1271 661 die
1302 625 1428 661 Martis
1456 624 1584 660 mensis
1612 637 1696 659 vero

238 687 450 723 Nouembris
468 686 740 721 vicesimatercia
785 685 826 720 In
846 698 923 720 mea
940 686 1063 733 notarij
1094 686 1222 733 publicj
1244 699 1283 721 ac
1300 686 1439 721 testium
1463 685 1696 732 infrascripto-

237 761 311 783 rum
331 747 511 795 presencia
531 747 683 781 Thomas
702 746 821 781 Schaw
837 746 922 780 ciuis
940 746 1173 793 Glasguensis
1191 753 1226 782 et
1239 747 1368 783 Joneta
1384 746 1516 781 Schelis
1530 745 1697 792 coniuges

238 809 472 844 vendiderunt
490 807 641 841 discreto
660 806 735 840 viro
753 806 919 853 magistro
939 806 1135 842 Cuthberto
1157 807 1304 842 Simonis
1323 807 1500 854 capellano
1527 812 1697 854 perpetuo

239 878 273 906 et
292 884 333 906 eo
352 870 490 904 nomine
511 868 704 915 Hospitalis
725 868 840 903 Sancti
861 867 1023 902 Nicholai
1051 868 1166 903 situati
1190 882 1229 903 ac
1254 869 1387 903 fundati
1414 869 1505 903 intra
1522 867 1695 903 ciuitatem

241 933 498 978 Glasguensem
517 929 683 964 tredecim
703 928 832 963 solidos
852 935 887 963 et
905 934 1051 975 quatuor
1069 929 1230 964 denarios
1249 929 1351 976 annuj
1379 929 1535 964 redditus
1554 929 1597 963 de
1616 941 1698 975 quo-

239 994 314 1028 dam
334 993 434 1027 horto
453 992 526 1026 siue
545 997 747 1025 tenemento
764 989 969 1024 Archibaldi
987 990 1155 1024 XVatsoun
1174 1003 1249 1025 cum
1264 990 1490 1037 pertinencijs
1505 990 1644 1036 jacente
1663 989 1696 1023 in

239 1054 378 1088 ciuitate
401 1051 615 1099 Glasguensi
642 1051 683 1085 ad
713 1057 843 1097 partem
864 1050 1047 1085 australem
1070 1051 1148 1085 Vici
1179 1052 1304 1086 Sancte
1332 1051 1464 1086 Tenew
1492 1051 1584 1085 inter
1601 1056 1697 1085 tene-

239 1121 354 1150 menta
372 1120 407 1149 et
425 1119 535 1148 terras
553 1112 722 1149 Johannis
744 1111 897 1146 Wodruf
921 1112 963 1146 ab
983 1112 1187 1147 occidentali
1218 1119 1254 1147 et
1272 1112 1418 1159 Robertj
1447 1111 1629 1146 Leithame
1656 1111 1698 1146 ab

239 1175 397 1211 orientali
416 1174 570 1222 partibus
589 1186 652 1220 pro
667 1173 811 1219 quadam
828 1180 923 1207 certa
943 1186 1073 1208 summa
1090 1174 1237 1220 pecunie
1260 1194 1266 1200 -
1290 1173 1498 1208 TENENDos
1520 1179 1555 1207 et
1571 1173 1699 1207 haben-

240 1238 300 1271 dos
319 1237 429 1271 dictos
448 1235 614 1270 tredecim
631 1234 758 1268 solidos
777 1239 812 1268 et
830 1240 976 1280 quatuor
993 1234 1154 1269 denarios
1174 1234 1308 1282 prefato
1323 1234 1487 1281 magistro
1504 1233 1699 1269 Cuthberto

243 1297 389 1332 Simonis
408 1296 586 1343 capellano
604 1301 774 1342 perpetuo
794 1301 829 1329 et
858 1307 900 1329 eo
918 1295 1056 1330 nomine
1077 1295 1158 1330 dicti
1190 1295 1382 1342 Hospitalis
1403 1294 1518 1330 Sancti
1538 1294 1698 1329 Nicholai

241 1365 275 1393 et
304 1358 372 1392 suis
404 1356 661 1391 successoribus
690 1355 876 1403 capellanis
905 1356 1084 1403 perpetuis
1115 1356 1293 1391 memorati
1326 1355 1520 1403 Hospitalis
1550 1368 1570 1390 a
1599 1355 1699 1390 dictis

241 1419 377 1454 Thoma
395 1425 430 1452 et
446 1418 575 1454 Joneta
593 1429 632 1451 ac
651 1417 720 1451 suis
738 1416 926 1450 heredibus
945 1417 978 1450 in
1007 1417 1108 1451 feodo
1136 1423 1171 1452 et
1197 1417 1390 1452 hereditate
1417 1417 1669 1464 imperpetuum
1693 1436 1699 1442 ·

244 1480 334 1514 Acta
352 1485 450 1514 erant
468 1479 533 1513 hec
552 1478 642 1525 apud
668 1477 861 1525 predictum
889 1477 1025 1512 hortum
1053 1478 1274 1525 presentibus
1293 1478 1419 1512 ibidem
1440 1477 1598 1512 discretis
1617 1477 1699 1512 viris

245 1540 402 1586 Georgio
422 1539 542 1574 Burell
586 1538 760 1573 Macolmo
780 1538 869 1572 XVan
915 1537 1051 1572 Thoma
1071 1536 1183 1572 Adam
1203 1545 1239 1573 et
1263 1538 1395 1574 Jacobo
1416 1538 1586 1572 Kirkland
1605 1537 1699 1572 testi-

242 1602 305 1636 bus
327 1622 333 1627 ·
358 1600 602 1635 Bartholomeo
622 1599 716 1633 Blair
734 1598 929 1646 presbitero
952 1599 1183 1646 Glasguensis
1202 1599 1348 1634 diocesis
1368 1599 1501 1633 notario
1520 1599 1657 1646 publico
1680 1620 1685 1625 -

244 1786 515 1820 Instrumentum
543 1795 647 1830 super
665 1782 767 1817 terris
795 1788 830 1816 et
857 1787 1057 1816 tenemento
1077 1781 1221 1816 Veteris
1242 1780 1432 1828 Pedagogii
1452 1793 1514 1828 pro
1536 1781 1699 1828 magistro

241 1845 373 1883 Jacobo
395 1844 602 1879 Houstoune

243 1938 291 2004 In
311 1969 382 2003 Dei
402 1968 539 2002 nomine
562 1971 674 2002 Amen
697 1988 704 1993 ·
729 1966 796 2001 Per
814 1966 878 2001 hoc
898 1966 1161 2010 instrumentum
1189 1972 1305 2014 pateat
1322 1965 1415 2013 quod
1438 1978 1529 2000 anno
1546 1965 1700 2000 incarna-

244 2030 351 2065 cionis
370 2030 555 2064 Dominice
585 2028 765 2063 millesimo
791 2028 1070 2075 quingentesimo
1088 2028 1381 2075 vigesimoquarto
1407 2027 1462 2061 die
1491 2039 1573 2061 vero
1601 2032 1700 2061 sexto

243 2091 371 2125 mensis
388 2090 552 2125 Octobris
596 2090 635 2123 In
656 2089 723 2124 mei
742 2089 865 2136 notarij
886 2088 1012 2136 publici
1030 2094 1064 2123 et
1082 2089 1220 2124 testium
1237 2088 1506 2135 subscriptorum
1525 2086 1702 2134 presentia

244 2151 473 2199 personaliter
492 2150 699 2185 constitutus
718 2150 888 2184 discretus
908 2150 959 2183 vir
978 2149 1142 2196 magister
1160 2149 1311 2186 Jacobus
1345 2148 1527 2183 Houstone
1547 2147 1701 2182 existens

244 2214 275 2247 in
297 2218 387 2247 statu
406 2224 596 2246 annuorum
611 2211 807 2246 reddituum
824 2211 1093 2258 subscriptorum
1110 2210 1273 2245 videlicet
1287 2221 1350 2244 sex
1369 2208 1556 2243 solidorum
1575 2214 1610 2243 et
1625 2214 1702 2243 octo

244 2274 462 2309 denariorum
483 2273 525 2307 de
553 2278 754 2307 tenemento
786 2271 921 2306 Thome
954 2271 1076 2318 Boyde
1100 2292 1106 2298 ·
1129 2271 1211 2306 item
1231 2270 1354 2317 viginti
1385 2269 1513 2304 solidos
1532 2269 1575 2304 de
1606 2276 1701 2304 tene-

244 2342 360 2370 mento
379 2334 549 2371 Johannis
568 2333 789 2368 Maklitstare
808 2333 887 2367 olim
907 2332 989 2367 dicti
1010 2332 1145 2367 Thome
1166 2332 1288 2378 Boyde
1305 2340 1313 2367 Ι
1330 2331 1410 2366 item
1431 2330 1555 2377 viginti
1574 2329 1702 2364 solidos
