<?xml version="1.0" encoding="UTF-8"?>
<!DOCTYPE html PUBLIC "-//W3C//DTD XHTML 1.0 Transitional//EN"
    "http://www.w3.org/TR/xhtml1/DTD/xhtml1-transitional.dtd">
<html xmlns="http://www.w3.org/1999/xhtml" xml:lang="en" lang="en">
 <head>
  <title>
</title>
<meta http-equiv="Content-Type" content="text/html;charset=utf-8" />
  <meta name='ocr-system' content='tesseract 3.04.00' />
  <meta name='ocr-capabilities' content='ocr_page ocr_carea ocr_par ocr_line ocrx_word'/>
</head>
<body>
  <div class='ocr_page' id='page_1' title='image "./libercollegiinos00mait_0239.png"; bbox 0 0 1922 2764; ppageno 0'>
   <div class='ocr_carea' id='block_1_1' title="bbox 626 275 1688 314">
    <p class='ocr_par' dir='ltr' id='par_1_1' title="bbox 626 275 1688 314">
     <span class='ocr_line' id='line_1_1' title="bbox 626 275 1688 314; baseline 0.002 -2"><span class='ocrx_word' id='word_1_1' title='bbox 626 278 666 312; x_wconf 87' lang='lat' dir='ltr'>B.</span> <span class='ocrx_word' id='word_1_2' title='bbox 698 278 742 312; x_wconf 92' lang='lat' dir='ltr'>V.</span> <span class='ocrx_word' id='word_1_3' title='bbox 772 276 941 311; x_wconf 85' lang='lat' dir='ltr'>MARIE</span> <span class='ocrx_word' id='word_1_4' title='bbox 969 275 1037 310; x_wconf 87' lang='lat' dir='ltr'>ET</span> <span class='ocrx_word' id='word_1_5' title='bbox 1066 276 1100 311; x_wconf 90' lang='lat' dir='ltr'>S.</span> <span class='ocrx_word' id='word_1_6' title='bbox 1129 276 1288 311; x_wconf 89' lang='lat' dir='ltr'>ANNE.</span> <span class='ocrx_word' id='word_1_7' title='bbox 1623 283 1688 314; x_wconf 88' lang='lat'>133</span> 
     </span>
    </p>
   </div>
   <div class='ocr_carea' id='block_1_2' title="bbox 230 373 1697 2116">
    <p class='ocr_par' dir='ltr' id='par_1_2' title="bbox 230 373 1697 2116">
     <span class='ocr_line' id='line_1_2' title="bbox 230 373 1688 423; baseline 0.001 -13"><span class='ocrx_word' id='word_1_8' title='bbox 230 383 265 410; x_wconf 90' lang='lat' dir='ltr'>et</span> <span class='ocrx_word' id='word_1_9' title='bbox 282 376 386 410; x_wconf 90' lang='lat' dir='ltr'>Anne</span> <span class='ocrx_word' id='word_1_10' title='bbox 405 376 523 410; x_wconf 90' lang='lat' dir='ltr'>matris</span> <span class='ocrx_word' id='word_1_11' title='bbox 542 376 616 410; x_wconf 89' lang='lat' dir='ltr'>eius</span> <span class='ocrx_word' id='word_1_12' title='bbox 633 384 641 411; x_wconf 82' lang='lat' dir='ltr'><em>s</em></span> <span class='ocrx_word' id='word_1_13' title='bbox 658 375 691 409; x_wconf 90' lang='lat' dir='ltr'>in</span> <span class='ocrx_word' id='word_1_14' title='bbox 711 374 1027 421; x_wconf 78' lang='lat' dir='ltr'>augmentationem</span> <span class='ocrx_word' id='word_1_15' title='bbox 1042 373 1150 407; x_wconf 83' lang='lat' dir='ltr'>diuini</span> <span class='ocrx_word' id='word_1_16' title='bbox 1169 374 1282 408; x_wconf 89' lang='lat' dir='ltr'>cultus</span> <span class='ocrx_word' id='word_1_17' title='bbox 1301 380 1336 408; x_wconf 91' lang='lat' dir='ltr'>et</span> <span class='ocrx_word' id='word_1_18' title='bbox 1354 375 1607 421; x_wconf 79' lang='lat' dir='ltr'>capellanorum</span> <span class='ocrx_word' id='word_1_19' title='bbox 1626 389 1688 423; x_wconf 89' lang='lat' dir='ltr'>per</span> 
     </span>
     <span class='ocr_line' id='line_1_3' title="bbox 231 434 1689 482; baseline 0.001 -12"><span class='ocrx_word' id='word_1_20' title='bbox 231 437 378 470; x_wconf 87' lang='lat' dir='ltr'>eundem</span> <span class='ocrx_word' id='word_1_21' title='bbox 398 437 598 482; x_wconf 86' lang='lat' dir='ltr'>magistrum</span> <span class='ocrx_word' id='word_1_22' title='bbox 615 436 784 472; x_wconf 85' lang='lat' dir='ltr'>Jacobum</span> <span class='ocrx_word' id='word_1_23' title='bbox 803 435 1037 469; x_wconf 82' lang='lat' dir='ltr'>subdecanum</span> <span class='ocrx_word' id='word_1_24' title='bbox 1056 440 1289 480; x_wconf 82' lang='lat' dir='ltr'>exponentem</span> <span class='ocrx_word' id='word_1_25' title='bbox 1310 434 1343 468; x_wconf 88' lang='lat' dir='ltr'>in</span> <span class='ocrx_word' id='word_1_26' title='bbox 1368 448 1428 469; x_wconf 86' lang='lat' dir='ltr'>sua</span> <span class='ocrx_word' id='word_1_27' title='bbox 1447 435 1550 470; x_wconf 86' lang='lat' dir='ltr'>Noua</span> <span class='ocrx_word' id='word_1_28' title='bbox 1568 437 1689 471; x_wconf 89' lang='lat' dir='ltr'>Eccle-</span> 
     </span>
     <span class='ocr_line' id='line_1_4' title="bbox 230 494 1689 542; baseline 0 -12"><span class='ocrx_word' id='word_1_29' title='bbox 230 496 278 530; x_wconf 86' lang='lat' dir='ltr'>sia</span> <span class='ocrx_word' id='word_1_30' title='bbox 299 496 483 531; x_wconf 89' lang='lat' dir='ltr'>Beatarum</span> <span class='ocrx_word' id='word_1_31' title='bbox 504 496 617 530; x_wconf 89' lang='lat' dir='ltr'>Marie</span> <span class='ocrx_word' id='word_1_32' title='bbox 632 502 667 531; x_wconf 86' lang='lat' dir='ltr'>et</span> <span class='ocrx_word' id='word_1_33' title='bbox 687 496 792 530; x_wconf 90' lang='lat' dir='ltr'>Anne</span> <span class='ocrx_word' id='word_1_34' title='bbox 811 495 1065 542; x_wconf 85' lang='lat' dir='ltr'>predictarum!</span> <span class='ocrx_word' id='word_1_35' title='bbox 1079 494 1274 528; x_wconf 86' lang='lat' dir='ltr'>vberiorem</span> <span class='ocrx_word' id='word_1_36' title='bbox 1295 495 1579 530; x_wconf 81' lang='lat' dir='ltr'>sustentationem</span> <span class='ocrx_word' id='word_1_37' title='bbox 1593 518 1599 523; x_wconf 91' lang='lat'><strong>·</strong></span> <span class='ocrx_word' id='word_1_38' title='bbox 1613 509 1689 531; x_wconf 81' lang='lat' dir='ltr'>sex-</span> 
     </span>
     <span class='ocr_line' id='line_1_5' title="bbox 231 554 1690 600; baseline 0 -10"><span class='ocrx_word' id='word_1_39' title='bbox 231 556 343 590; x_wconf 84' lang='lat' dir='ltr'>decim</span> <span class='ocrx_word' id='word_1_40' title='bbox 361 568 456 590; x_wconf 84' lang='lat' dir='ltr'>acras</span> <span class='ocrx_word' id='word_1_41' title='bbox 474 562 643 590; x_wconf 83' lang='lat' dir='ltr'>terrarum</span> <span class='ocrx_word' id='word_1_42' title='bbox 672 556 764 590; x_wconf 89' lang='lat' dir='ltr'>Mori</span> <span class='ocrx_word' id='word_1_43' title='bbox 786 555 986 590; x_wconf 90' lang='lat' dir='ltr'>Communis</span> <span class='ocrx_word' id='word_1_44' title='bbox 1014 554 1202 589; x_wconf 81' lang='lat' dir='ltr'>Furearum</span> <span class='ocrx_word' id='word_1_45' title='bbox 1222 554 1396 600; x_wconf 82' lang='lat' dir='ltr'>wlgariter</span> <span class='ocrx_word' id='word_1_46' title='bbox 1414 564 1422 591; x_wconf 83' lang='lat' dir='ltr'>l</span> <span class='ocrx_word' id='word_1_47' title='bbox 1440 555 1517 590; x_wconf 86' lang='lat' dir='ltr'>The</span> <span class='ocrx_word' id='word_1_48' title='bbox 1540 556 1690 591; x_wconf 89' lang='lat' dir='ltr'>Gallow-</span> 
     </span>
     <span class='ocr_line' id='line_1_6' title="bbox 231 615 1691 663; baseline 0.001 -13"><span class='ocrx_word' id='word_1_49' title='bbox 231 629 328 651; x_wconf 90' lang='lat' dir='ltr'>mure</span> <span class='ocrx_word' id='word_1_50' title='bbox 345 625 353 653; x_wconf 82' lang='lat' dir='ltr'>l</span> <span class='ocrx_word' id='word_1_51' title='bbox 370 617 557 663; x_wconf 86' lang='lat' dir='ltr'>nuncupati</span> <span class='ocrx_word' id='word_1_52' title='bbox 580 637 586 642; x_wconf 92' lang='lat'><strong>·</strong></span> <span class='ocrx_word' id='word_1_53' title='bbox 609 617 783 651; x_wconf 88' lang='lat' dir='ltr'>dederunt</span> <span class='ocrx_word' id='word_1_54' title='bbox 797 623 832 651; x_wconf 87' lang='lat' dir='ltr'>et</span> <span class='ocrx_word' id='word_1_55' title='bbox 850 629 912 662; x_wconf 89' lang='lat' dir='ltr'>per</span> <span class='ocrx_word' id='word_1_56' title='bbox 928 627 1047 650; x_wconf 88' lang='lat' dir='ltr'>eorum</span> <span class='ocrx_word' id='word_1_57' title='bbox 1062 621 1189 649; x_wconf 89' lang='lat' dir='ltr'>cartam</span> <span class='ocrx_word' id='word_1_58' title='bbox 1207 615 1241 649; x_wconf 90' lang='lat' dir='ltr'>in</span> <span class='ocrx_word' id='word_1_59' title='bbox 1261 621 1463 662; x_wconf 86' lang='lat' dir='ltr'>perpetuam</span> <span class='ocrx_word' id='word_1_60' title='bbox 1480 616 1691 651; x_wconf 80' lang='lat' dir='ltr'>elimosinam</span> 
     </span>
     <span class='ocr_line' id='line_1_7' title="bbox 232 676 1690 724; baseline 0 -13"><span class='ocrx_word' id='word_1_61' title='bbox 232 678 404 711; x_wconf 87' lang='lat' dir='ltr'>donarunt</span> <span class='ocrx_word' id='word_1_62' title='bbox 416 697 422 703; x_wconf 89' lang='lat'><strong>·</strong></span> <span class='ocrx_word' id='word_1_63' title='bbox 435 683 537 724; x_wconf 87' lang='lat' dir='ltr'>prout</span> <span class='ocrx_word' id='word_1_64' title='bbox 550 677 582 710; x_wconf 90' lang='lat' dir='ltr'>in</span> <span class='ocrx_word' id='word_1_65' title='bbox 596 683 689 711; x_wconf 87' lang='lat' dir='ltr'>carta</span> <span class='ocrx_word' id='word_1_66' title='bbox 701 677 924 723; x_wconf 84' lang='lat' dir='ltr'>pergaminea</span> <span class='ocrx_word' id='word_1_67' title='bbox 934 676 1103 710; x_wconf 87' lang='lat' dir='ltr'>dictorum</span> <span class='ocrx_word' id='word_1_68' title='bbox 1115 676 1283 723; x_wconf 80' lang='lat' dir='ltr'>prepositi</span> <span class='ocrx_word' id='word_1_69' title='bbox 1295 676 1500 710; x_wconf 88' lang='lat' dir='ltr'>balliuorum</span> <span class='ocrx_word' id='word_1_70' title='bbox 1513 677 1690 711; x_wconf 90' lang='lat' dir='ltr'>consulum</span> 
     </span>
     <span class='ocr_line' id='line_1_8' title="bbox 233 736 1692 784; baseline -0.001 -13"><span class='ocrx_word' id='word_1_71' title='bbox 233 743 268 772; x_wconf 88' lang='lat' dir='ltr'>et</span> <span class='ocrx_word' id='word_1_72' title='bbox 285 737 538 771; x_wconf 79' lang='lat' dir='ltr'>communitatis</span> <span class='ocrx_word' id='word_1_73' title='bbox 557 737 706 783; x_wconf 80' lang='lat' dir='ltr'>desuper</span> <span class='ocrx_word' id='word_1_74' title='bbox 724 737 882 771; x_wconf 82' lang='lat' dir='ltr'>confecta</span> <span class='ocrx_word' id='word_1_75' title='bbox 899 736 1035 784; x_wconf 83' lang='lat' dir='ltr'>plenius</span> <span class='ocrx_word' id='word_1_76' title='bbox 1054 736 1252 771; x_wconf 82' lang='lat' dir='ltr'>continetur</span> <span class='ocrx_word' id='word_1_77' title='bbox 1273 756 1279 763; x_wconf 91' lang='lat'><strong>·</strong></span> <span class='ocrx_word' id='word_1_78' title='bbox 1303 736 1351 770; x_wconf 82' lang='lat' dir='ltr'>Et</span> <span class='ocrx_word' id='word_1_79' title='bbox 1369 736 1457 771; x_wconf 89' lang='lat' dir='ltr'>sicut</span> <span class='ocrx_word' id='word_1_80' title='bbox 1475 737 1595 771; x_wconf 88' lang='lat' dir='ltr'>eadem</span> <span class='ocrx_word' id='word_1_81' title='bbox 1615 738 1692 771; x_wconf 91' lang='lat' dir='ltr'>sub-</span> 
     </span>
     <span class='ocr_line' id='line_1_9' title="bbox 232 797 1693 844; baseline 0 -12"><span class='ocrx_word' id='word_1_82' title='bbox 232 797 400 843; x_wconf 86' lang='lat' dir='ltr'>iungebat</span> <span class='ocrx_word' id='word_1_83' title='bbox 416 797 539 844; x_wconf 89' lang='lat' dir='ltr'>petitio</span> <span class='ocrx_word' id='word_1_84' title='bbox 555 805 564 832; x_wconf 82' lang='grc' dir='ltr'><em>Ι</em></span> <span class='ocrx_word' id='word_1_85' title='bbox 581 797 608 831; x_wconf 92' lang='lat' dir='ltr'>si</span> <span class='ocrx_word' id='word_1_86' title='bbox 627 797 766 831; x_wconf 86' lang='lat' dir='ltr'>donatio</span> <span class='ocrx_word' id='word_1_87' title='bbox 786 797 961 832; x_wconf 78' lang='lat' dir='ltr'>sexdecim</span> <span class='ocrx_word' id='word_1_88' title='bbox 976 809 1129 831; x_wconf 87' lang='lat' dir='ltr'>acrarum</span> <span class='ocrx_word' id='word_1_89' title='bbox 1148 797 1381 844; x_wconf 84' lang='lat' dir='ltr'>predictarum</span> <span class='ocrx_word' id='word_1_90' title='bbox 1399 810 1462 844; x_wconf 89' lang='lat' dir='ltr'>per</span> <span class='ocrx_word' id='word_1_91' title='bbox 1480 798 1693 844; x_wconf 83' lang='lat' dir='ltr'>prepositum</span> 
     </span>
     <span class='ocr_line' id='line_1_10' title="bbox 233 856 1693 904; baseline 0.001 -12"><span class='ocrx_word' id='word_1_92' title='bbox 233 857 379 892; x_wconf 89' lang='lat' dir='ltr'>balliuos</span> <span class='ocrx_word' id='word_1_93' title='bbox 391 857 551 892; x_wconf 91' lang='lat' dir='ltr'>consules</span> <span class='ocrx_word' id='word_1_94' title='bbox 564 863 599 892; x_wconf 89' lang='lat' dir='ltr'>et</span> <span class='ocrx_word' id='word_1_95' title='bbox 610 857 888 892; x_wconf 86' lang='lat' dir='ltr'>communitatem</span> <span class='ocrx_word' id='word_1_96' title='bbox 901 857 1077 904; x_wconf 86' lang='lat' dir='ltr'>predictos</span> <span class='ocrx_word' id='word_1_97' title='bbox 1090 857 1180 892; x_wconf 86' lang='lat' dir='ltr'>facta</span> <span class='ocrx_word' id='word_1_98' title='bbox 1195 866 1204 893; x_wconf 91' lang='grc' dir='ltr'><em>Ι</em></span> <span class='ocrx_word' id='word_1_99' title='bbox 1223 856 1316 904; x_wconf 90' lang='lat' dir='ltr'>[per]</span> <span class='ocrx_word' id='word_1_100' title='bbox 1332 858 1521 892; x_wconf 90' lang='lat' dir='ltr'>eorundem</span> <span class='ocrx_word' id='word_1_101' title='bbox 1533 858 1567 892; x_wconf 91' lang='lat' dir='ltr'>in</span> <span class='ocrx_word' id='word_1_102' title='bbox 1581 858 1693 904; x_wconf 90' lang='lat' dir='ltr'>spirit-</span> 
     </span>
     <span class='ocr_line' id='line_1_11' title="bbox 234 917 1693 965; baseline 0 -12"><span class='ocrx_word' id='word_1_103' title='bbox 234 918 367 953; x_wconf 88' lang='lat' dir='ltr'>ualibus</span> <span class='ocrx_word' id='word_1_104' title='bbox 387 924 422 953; x_wconf 88' lang='lat' dir='ltr'>et</span> <span class='ocrx_word' id='word_1_105' title='bbox 440 917 686 965; x_wconf 85' lang='lat' dir='ltr'>temporalibus</span> <span class='ocrx_word' id='word_1_106' title='bbox 705 918 900 952; x_wconf 83' lang='lat' dir='ltr'>immediate</span> <span class='ocrx_word' id='word_1_107' title='bbox 916 918 1090 952; x_wconf 89' lang='lat' dir='ltr'>dominum</span> <span class='ocrx_word' id='word_1_108' title='bbox 1110 918 1323 965; x_wconf 90' lang='lat' dir='ltr'>superiorem</span> <span class='ocrx_word' id='word_1_109' title='bbox 1339 924 1373 952; x_wconf 86' lang='lat' dir='ltr'>et</span> <span class='ocrx_word' id='word_1_110' title='bbox 1389 918 1598 953; x_wconf 89' lang='lat' dir='ltr'>ordinarium</span> <span class='ocrx_word' id='word_1_111' title='bbox 1614 932 1693 953; x_wconf 85' lang='lat' dir='ltr'>con-</span> 
     </span>
     <span class='ocr_line' id='line_1_12' title="bbox 234 978 1694 1026; baseline 0.001 -13"><span class='ocrx_word' id='word_1_112' title='bbox 234 979 428 1014; x_wconf 82' lang='lat' dir='ltr'>firmaretur</span> <span class='ocrx_word' id='word_1_113' title='bbox 445 988 531 1026; x_wconf 80' lang='lat' dir='ltr'>sper</span> <span class='ocrx_word' id='word_1_114' title='bbox 557 978 623 1013; x_wconf 91' lang='lat' dir='ltr'>hoc</span> <span class='ocrx_word' id='word_1_115' title='bbox 648 978 831 1025; x_wconf 89' lang='lat' dir='ltr'>plurimum</span> <span class='ocrx_word' id='word_1_116' title='bbox 859 979 974 1013; x_wconf 89' lang='lat' dir='ltr'>decori</span> <span class='ocrx_word' id='word_1_117' title='bbox 1003 979 1094 1013; x_wconf 87' lang='lat' dir='ltr'>dicte</span> <span class='ocrx_word' id='word_1_118' title='bbox 1122 979 1269 1014; x_wconf 82' lang='lat' dir='ltr'>ecclesie</span> <span class='ocrx_word' id='word_1_119' title='bbox 1289 985 1324 1013; x_wconf 89' lang='lat' dir='ltr'>et</span> <span class='ocrx_word' id='word_1_120' title='bbox 1342 985 1420 1014; x_wconf 89' lang='lat' dir='ltr'>octo</span> <span class='ocrx_word' id='word_1_121' title='bbox 1439 979 1694 1026; x_wconf 81' lang='lat' dir='ltr'>capellanorum</span> 
     </span>
     <span class='ocr_line' id='line_1_13' title="bbox 234 1039 1694 1086; baseline 0.001 -12"><span class='ocrx_word' id='word_1_122' title='bbox 234 1039 467 1086; x_wconf 88' lang='lat' dir='ltr'>predictorum</span> <span class='ocrx_word' id='word_1_123' title='bbox 496 1039 599 1074; x_wconf 84' lang='lat' dir='ltr'>statui</span> <span class='ocrx_word' id='word_1_124' title='bbox 625 1039 866 1073; x_wconf 83' lang='lat' dir='ltr'>consuleretur</span> <span class='ocrx_word' id='word_1_125' title='bbox 889 1060 894 1065; x_wconf 96' lang='lat'><em>-</em></span> <span class='ocrx_word' id='word_1_126' title='bbox 920 1039 1038 1079; x_wconf 84' lang='lat' dir='ltr'>Quare</span> <span class='ocrx_word' id='word_1_127' title='bbox 1056 1052 1119 1086; x_wconf 91' lang='lat' dir='ltr'>pro</span> <span class='ocrx_word' id='word_1_128' title='bbox 1141 1046 1238 1086; x_wconf 88' lang='lat' dir='ltr'>parte</span> <span class='ocrx_word' id='word_1_129' title='bbox 1258 1039 1340 1074; x_wconf 90' lang='lat' dir='ltr'>dicti</span> <span class='ocrx_word' id='word_1_130' title='bbox 1359 1040 1567 1086; x_wconf 84' lang='lat' dir='ltr'>exponentis</span> <span class='ocrx_word' id='word_1_131' title='bbox 1594 1040 1694 1075; x_wconf 91' lang='lat' dir='ltr'>nobis</span> 
     </span>
     <span class='ocr_line' id='line_1_14' title="bbox 234 1099 1696 1147; baseline 0.001 -13"><span class='ocrx_word' id='word_1_132' title='bbox 234 1101 299 1135; x_wconf 90' lang='lat' dir='ltr'>fuit</span> <span class='ocrx_word' id='word_1_133' title='bbox 310 1100 485 1135; x_wconf 90' lang='lat' dir='ltr'>humiliter</span> <span class='ocrx_word' id='word_1_134' title='bbox 500 1100 726 1147; x_wconf 86' lang='lat' dir='ltr'>supplicatum</span> <span class='ocrx_word' id='word_1_135' title='bbox 741 1106 778 1134; x_wconf 88' lang='lat' dir='ltr'>vt</span> <span class='ocrx_word' id='word_1_136' title='bbox 791 1099 1011 1134; x_wconf 85' lang='lat' dir='ltr'>donationem</span> <span class='ocrx_word' id='word_1_137' title='bbox 1025 1101 1201 1135; x_wconf 85' lang='lat' dir='ltr'>sexdecim</span> <span class='ocrx_word' id='word_1_138' title='bbox 1215 1113 1370 1135; x_wconf 87' lang='lat' dir='ltr'>acrarum</span> <span class='ocrx_word' id='word_1_139' title='bbox 1386 1100 1618 1147; x_wconf 84' lang='lat' dir='ltr'>predictarum</span> <span class='ocrx_word' id='word_1_140' title='bbox 1635 1110 1643 1137; x_wconf 86' lang='grc' dir='ltr'><em>Ι</em></span> <span class='ocrx_word' id='word_1_141' title='bbox 1660 1108 1696 1136; x_wconf 85' lang='lat' dir='ltr'>et</span> 
     </span>
     <span class='ocr_line' id='line_1_15' title="bbox 236 1160 1695 1208; baseline 0 -12"><span class='ocrx_word' id='word_1_142' title='bbox 236 1161 372 1207; x_wconf 84' lang='lat' dir='ltr'>singula</span> <span class='ocrx_word' id='word_1_143' title='bbox 389 1161 421 1195; x_wconf 91' lang='lat' dir='ltr'>in</span> <span class='ocrx_word' id='word_1_144' title='bbox 443 1167 536 1196; x_wconf 85' lang='lat' dir='ltr'>carta</span> <span class='ocrx_word' id='word_1_145' title='bbox 553 1160 710 1208; x_wconf 85' lang='lat' dir='ltr'>predicta</span> <span class='ocrx_word' id='word_1_146' title='bbox 728 1166 892 1195; x_wconf 85' lang='lat' dir='ltr'>contenta</span> <span class='ocrx_word' id='word_1_147' title='bbox 909 1169 917 1196; x_wconf 82' lang='lat' dir='ltr'><em>s</em></span> <span class='ocrx_word' id='word_1_148' title='bbox 933 1161 1135 1196; x_wconf 88' lang='lat' dir='ltr'>auctoritate</span> <span class='ocrx_word' id='word_1_149' title='bbox 1156 1161 1329 1196; x_wconf 84' lang='lat' dir='ltr'>ordinaria</span> <span class='ocrx_word' id='word_1_150' title='bbox 1343 1161 1546 1196; x_wconf 88' lang='lat' dir='ltr'>confirmare</span> <span class='ocrx_word' id='word_1_151' title='bbox 1561 1162 1695 1208; x_wconf 88' lang='lat' dir='ltr'>aliaque</span> 
     </span>
     <span class='ocr_line' id='line_1_16' title="bbox 235 1221 1695 1269; baseline 0 -13"><span class='ocrx_word' id='word_1_152' title='bbox 235 1222 268 1256; x_wconf 88' lang='lat' dir='ltr'>in</span> <span class='ocrx_word' id='word_1_153' title='bbox 289 1222 465 1269; x_wconf 87' lang='lat' dir='ltr'>premissis</span> <span class='ocrx_word' id='word_1_154' title='bbox 484 1228 677 1268; x_wconf 90' lang='lat' dir='ltr'>opportuna</span> <span class='ocrx_word' id='word_1_155' title='bbox 698 1221 884 1268; x_wconf 89' lang='lat' dir='ltr'>prouidere</span> <span class='ocrx_word' id='word_1_156' title='bbox 904 1221 1126 1268; x_wconf 83' lang='lat' dir='ltr'>dignaremur</span> <span class='ocrx_word' id='word_1_157' title='bbox 1148 1242 1154 1248; x_wconf 88' lang='lat'><strong>·</strong></span> <span class='ocrx_word' id='word_1_158' title='bbox 1178 1221 1254 1256; x_wconf 90' lang='lat' dir='ltr'>Nos</span> <span class='ocrx_word' id='word_1_159' title='bbox 1273 1221 1378 1268; x_wconf 83' lang='lat' dir='ltr'>igitur</span> <span class='ocrx_word' id='word_1_160' title='bbox 1396 1222 1591 1256; x_wconf 84' lang='lat' dir='ltr'>huiusmodi</span> <span class='ocrx_word' id='word_1_161' title='bbox 1617 1235 1695 1269; x_wconf 91' lang='lat' dir='ltr'>sup-</span> 
     </span>
     <span class='ocr_line' id='line_1_17' title="bbox 236 1282 1695 1329; baseline 0 -12"><span class='ocrx_word' id='word_1_162' title='bbox 236 1282 477 1329; x_wconf 85' lang='lat' dir='ltr'>plicationibus</span> <span class='ocrx_word' id='word_1_163' title='bbox 496 1288 656 1329; x_wconf 83' lang='lat' dir='ltr'>tanquam</span> <span class='ocrx_word' id='word_1_164' title='bbox 675 1282 776 1328; x_wconf 87' lang='lat' dir='ltr'>justis</span> <span class='ocrx_word' id='word_1_165' title='bbox 795 1287 831 1316; x_wconf 87' lang='lat' dir='ltr'>et</span> <span class='ocrx_word' id='word_1_166' title='bbox 848 1282 1108 1316; x_wconf 85' lang='lat' dir='ltr'>rationabilibus</span> <span class='ocrx_word' id='word_1_167' title='bbox 1126 1282 1280 1316; x_wconf 81' lang='lat' dir='ltr'>inclinati</span> <span class='ocrx_word' id='word_1_168' title='bbox 1297 1291 1305 1318; x_wconf 86' lang='lat' dir='ltr'>l</span> <span class='ocrx_word' id='word_1_169' title='bbox 1322 1282 1542 1317; x_wconf 86' lang='lat' dir='ltr'>donationem</span> <span class='ocrx_word' id='word_1_170' title='bbox 1561 1282 1695 1328; x_wconf 89' lang='lat' dir='ltr'>predic-</span> 
     </span>
     <span class='ocr_line' id='line_1_18' title="bbox 236 1342 1695 1379; baseline 0 -2"><span class='ocrx_word' id='word_1_171' title='bbox 236 1350 302 1377; x_wconf 89' lang='lat' dir='ltr'>tam</span> <span class='ocrx_word' id='word_1_172' title='bbox 330 1356 370 1377; x_wconf 90' lang='lat' dir='ltr'>ac</span> <span class='ocrx_word' id='word_1_173' title='bbox 396 1349 522 1377; x_wconf 84' lang='lat' dir='ltr'>cartam</span> <span class='ocrx_word' id='word_1_174' title='bbox 550 1342 758 1377; x_wconf 88' lang='lat' dir='ltr'>antedictam</span> <span class='ocrx_word' id='word_1_175' title='bbox 779 1342 989 1379; x_wconf 73' lang='lat' dir='ltr'>(dummodo</span> <span class='ocrx_word' id='word_1_176' title='bbox 1016 1343 1193 1377; x_wconf 86' lang='lat' dir='ltr'>concessio</span> <span class='ocrx_word' id='word_1_177' title='bbox 1221 1349 1256 1377; x_wconf 84' lang='lat' dir='ltr'>et</span> <span class='ocrx_word' id='word_1_178' title='bbox 1282 1343 1493 1377; x_wconf 89' lang='lat' dir='ltr'>mensuratio</span> <span class='ocrx_word' id='word_1_179' title='bbox 1520 1343 1695 1378; x_wconf 81' lang='lat' dir='ltr'>sexdecim</span> 
     </span>
     <span class='ocr_line' id='line_1_19' title="bbox 236 1403 1695 1451; baseline -0.001 -13"><span class='ocrx_word' id='word_1_180' title='bbox 236 1416 390 1439; x_wconf 87' lang='lat' dir='ltr'>acrarum</span> <span class='ocrx_word' id='word_1_181' title='bbox 408 1404 640 1451; x_wconf 86' lang='lat' dir='ltr'>predictarum</span> <span class='ocrx_word' id='word_1_182' title='bbox 668 1404 734 1438; x_wconf 83' lang='lat' dir='ltr'>iter</span> <span class='ocrx_word' id='word_1_183' title='bbox 760 1403 934 1450; x_wconf 90' lang='lat' dir='ltr'>publicum</span> <span class='ocrx_word' id='word_1_184' title='bbox 962 1403 1204 1438; x_wconf 86' lang='lat' dir='ltr'>itinerantibus</span> <span class='ocrx_word' id='word_1_185' title='bbox 1223 1410 1258 1438; x_wconf 91' lang='lat' dir='ltr'>et</span> <span class='ocrx_word' id='word_1_186' title='bbox 1276 1403 1476 1438; x_wconf 87' lang='lat' dir='ltr'>tenentibus</span> <span class='ocrx_word' id='word_1_187' title='bbox 1503 1409 1695 1438; x_wconf 88' lang='lat' dir='ltr'>nostrarum</span> 
     </span>
     <span class='ocr_line' id='line_1_20' title="bbox 235 1463 1696 1510; baseline -0.001 -11"><span class='ocrx_word' id='word_1_188' title='bbox 235 1471 405 1499; x_wconf 88' lang='lat' dir='ltr'>terrarum</span> <span class='ocrx_word' id='word_1_189' title='bbox 425 1465 467 1499; x_wconf 93' lang='lat' dir='ltr'>de</span> <span class='ocrx_word' id='word_1_190' title='bbox 487 1464 714 1499; x_wconf 87' lang='lat' dir='ltr'>Borrowfeild</span> <span class='ocrx_word' id='word_1_191' title='bbox 734 1464 834 1498; x_wconf 88' lang='lat' dir='ltr'>dictis</span> <span class='ocrx_word' id='word_1_192' title='bbox 861 1463 949 1498; x_wconf 87' lang='lat' dir='ltr'>acris</span> <span class='ocrx_word' id='word_1_193' title='bbox 976 1464 1205 1498; x_wconf 86' lang='lat' dir='ltr'>adiacentium</span> <span class='ocrx_word' id='word_1_194' title='bbox 1228 1476 1273 1498; x_wconf 81' lang='lat' dir='ltr'>ex</span> <span class='ocrx_word' id='word_1_195' title='bbox 1290 1476 1358 1498; x_wconf 79' lang='lat' dir='ltr'>vna,</span> <span class='ocrx_word' id='word_1_196' title='bbox 1384 1469 1481 1510; x_wconf 86' lang='lat' dir='ltr'>parte</span> <span class='ocrx_word' id='word_1_197' title='bbox 1509 1464 1696 1498; x_wconf 87' lang='lat' dir='ltr'>accedendi</span> 
     </span>
     <span class='ocr_line' id='line_1_21' title="bbox 236 1524 1695 1571; baseline -0.001 -12"><span class='ocrx_word' id='word_1_198' title='bbox 236 1525 279 1559; x_wconf 88' lang='lat' dir='ltr'>ad</span> <span class='ocrx_word' id='word_1_199' title='bbox 297 1525 471 1559; x_wconf 80' lang='lat' dir='ltr'>ciuitatem</span> <span class='ocrx_word' id='word_1_200' title='bbox 490 1530 641 1559; x_wconf 85' lang='lat' dir='ltr'>nostram</span> <span class='ocrx_word' id='word_1_201' title='bbox 664 1524 921 1571; x_wconf 85' lang='lat' dir='ltr'>Glasguensem</span> <span class='ocrx_word' id='word_1_202' title='bbox 941 1532 976 1559; x_wconf 88' lang='lat' dir='ltr'>et</span> <span class='ocrx_word' id='word_1_203' title='bbox 994 1524 1182 1559; x_wconf 88' lang='lat' dir='ltr'>recedendi</span> <span class='ocrx_word' id='word_1_204' title='bbox 1201 1525 1243 1558; x_wconf 91' lang='lat' dir='ltr'>ab</span> <span class='ocrx_word' id='word_1_205' title='bbox 1262 1524 1383 1558; x_wconf 84' lang='lat' dir='ltr'>eadem</span> <span class='ocrx_word' id='word_1_206' title='bbox 1402 1524 1608 1570; x_wconf 86' lang='lat' dir='ltr'>aliquatinus</span> <span class='ocrx_word' id='word_1_207' title='bbox 1627 1537 1695 1558; x_wconf 91' lang='lat' dir='ltr'>non</span> 
     </span>
     <span class='ocr_line' id='line_1_22' title="bbox 236 1584 1697 1632; baseline -0.001 -13"><span class='ocrx_word' id='word_1_208' title='bbox 236 1585 400 1632; x_wconf 89' lang='lat' dir='ltr'>impediat</span> <span class='ocrx_word' id='word_1_209' title='bbox 420 1585 618 1621; x_wconf 78' lang='lat' dir='ltr'>[ordinaria</span> <span class='ocrx_word' id='word_1_210' title='bbox 643 1585 847 1620; x_wconf 86' lang='lat' dir='ltr'>auctoritate</span> <span class='ocrx_word' id='word_1_211' title='bbox 865 1585 932 1621; x_wconf 84' lang='lat' dir='ltr'>lde</span> <span class='ocrx_word' id='word_1_212' title='bbox 960 1597 1127 1632; x_wconf 85' lang='lat' dir='ltr'>expresso</span> <span class='ocrx_word' id='word_1_213' title='bbox 1155 1596 1326 1619; x_wconf 86' lang='lat' dir='ltr'>consensu</span> <span class='ocrx_word' id='word_1_214' title='bbox 1354 1584 1604 1618; x_wconf 87' lang='lat' dir='ltr'>venerabilium</span> <span class='ocrx_word' id='word_1_215' title='bbox 1630 1585 1697 1619; x_wconf 87' lang='lat' dir='ltr'>fra-</span> 
     </span>
     <span class='ocr_line' id='line_1_23' title="bbox 236 1644 1695 1692; baseline -0.001 -11"><span class='ocrx_word' id='word_1_216' title='bbox 236 1652 326 1681; x_wconf 86' lang='lat' dir='ltr'>trum</span> <span class='ocrx_word' id='word_1_217' title='bbox 344 1652 541 1681; x_wconf 89' lang='lat' dir='ltr'>nostrorum</span> <span class='ocrx_word' id='word_1_218' title='bbox 559 1646 773 1680; x_wconf 86' lang='lat' dir='ltr'>dominorum</span> <span class='ocrx_word' id='word_1_219' title='bbox 796 1645 918 1680; x_wconf 87' lang='lat' dir='ltr'>decani</span> <span class='ocrx_word' id='word_1_220' title='bbox 937 1651 972 1680; x_wconf 90' lang='lat' dir='ltr'>et</span> <span class='ocrx_word' id='word_1_221' title='bbox 990 1645 1130 1692; x_wconf 85' lang='lat' dir='ltr'>capituli</span> <span class='ocrx_word' id='word_1_222' title='bbox 1149 1645 1258 1679; x_wconf 86' lang='lat' dir='ltr'>nostri</span> <span class='ocrx_word' id='word_1_223' title='bbox 1276 1644 1510 1691; x_wconf 83' lang='lat' dir='ltr'>predictorum</span> <span class='ocrx_word' id='word_1_224' title='bbox 1528 1653 1537 1680; x_wconf 80' lang='lat' dir='ltr'><em>l</em></span> <span class='ocrx_word' id='word_1_225' title='bbox 1553 1650 1695 1691; x_wconf 90' lang='lat' dir='ltr'>propter</span> 
     </span>
     <span class='ocr_line' id='line_1_24' title="bbox 236 1705 1696 1752; baseline 0.001 -12"><span class='ocrx_word' id='word_1_226' title='bbox 236 1706 301 1740; x_wconf 78' lang='lat' dir='ltr'>&#39;noc</span> <span class='ocrx_word' id='word_1_227' title='bbox 326 1706 360 1740; x_wconf 92' lang='lat' dir='ltr'>in</span> <span class='ocrx_word' id='word_1_228' title='bbox 392 1718 511 1740; x_wconf 87' lang='lat' dir='ltr'>eorum</span> <span class='ocrx_word' id='word_1_229' title='bbox 541 1706 698 1752; x_wconf 86' lang='lat' dir='ltr'>generali</span> <span class='ocrx_word' id='word_1_230' title='bbox 727 1706 984 1740; x_wconf 84' lang='lat' dir='ltr'>Penthecostali</span> <span class='ocrx_word' id='word_1_231' title='bbox 1011 1706 1155 1740; x_wconf 86' lang='lat' dir='ltr'>consilio</span> <span class='ocrx_word' id='word_1_232' title='bbox 1182 1705 1352 1752; x_wconf 80' lang='lat' dir='ltr'>legittime</span> <span class='ocrx_word' id='word_1_233' title='bbox 1379 1711 1696 1751; x_wconf 81' lang='lat' dir='ltr'>congregatorum!</span> 
     </span>
     <span class='ocr_line' id='line_1_25' title="bbox 236 1765 1693 1814; baseline -0.002 -13"><span class='ocrx_word' id='word_1_234' title='bbox 236 1773 358 1801; x_wconf 84' lang='lat' dir='ltr'>tenore</span> <span class='ocrx_word' id='word_1_235' title='bbox 376 1766 589 1813; x_wconf 86' lang='lat' dir='ltr'>presentium</span> <span class='ocrx_word' id='word_1_236' title='bbox 612 1767 840 1814; x_wconf 87' lang='lat' dir='ltr'>approbamus</span> <span class='ocrx_word' id='word_1_237' title='bbox 859 1772 894 1800; x_wconf 87' lang='lat' dir='ltr'>et</span> <span class='ocrx_word' id='word_1_238' title='bbox 912 1766 1152 1800; x_wconf 89' lang='lat' dir='ltr'>confirmamus</span> <span class='ocrx_word' id='word_1_239' title='bbox 1175 1786 1180 1792; x_wconf 89' lang='lat'><strong>·</strong></span> <span class='ocrx_word' id='word_1_240' title='bbox 1204 1765 1260 1799; x_wconf 90' lang='lat' dir='ltr'>IN</span> <span class='ocrx_word' id='word_1_241' title='bbox 1289 1765 1517 1805; x_wconf 82' lang='lat' dir='ltr'>QUORUM</span> <span class='ocrx_word' id='word_1_242' title='bbox 1544 1765 1693 1798; x_wconf 89' lang='lat' dir='ltr'>omnium</span> 
     </span>
     <span class='ocr_line' id='line_1_26' title="bbox 236 1825 1693 1874; baseline -0.002 -13"><span class='ocrx_word' id='word_1_243' title='bbox 236 1826 469 1861; x_wconf 87' lang='lat' dir='ltr'>testimonium</span> <span class='ocrx_word' id='word_1_244' title='bbox 487 1827 708 1874; x_wconf 88' lang='lat' dir='ltr'>presentibus</span> <span class='ocrx_word' id='word_1_245' title='bbox 723 1840 824 1861; x_wconf 88' lang='lat' dir='ltr'>manu</span> <span class='ocrx_word' id='word_1_246' title='bbox 840 1833 958 1861; x_wconf 88' lang='lat' dir='ltr'>nostra</span> <span class='ocrx_word' id='word_1_247' title='bbox 972 1825 1173 1872; x_wconf 81' lang='lat' dir='ltr'>subscriptis</span> <span class='ocrx_word' id='word_1_248' title='bbox 1190 1834 1198 1861; x_wconf 85' lang='lat' dir='ltr'>l</span> <span class='ocrx_word' id='word_1_249' title='bbox 1215 1825 1365 1871; x_wconf 85' lang='lat' dir='ltr'>sigillum</span> <span class='ocrx_word' id='word_1_250' title='bbox 1381 1830 1533 1858; x_wconf 85' lang='lat' dir='ltr'>nostrum</span> <span class='ocrx_word' id='word_1_251' title='bbox 1549 1837 1693 1858; x_wconf 90' lang='lat' dir='ltr'>vnacum</span> 
     </span>
     <span class='ocr_line' id='line_1_27' title="bbox 235 1883 1692 1935; baseline -0.002 -14"><span class='ocrx_word' id='word_1_252' title='bbox 235 1887 350 1934; x_wconf 82' lang='lat' dir='ltr'>sigillo</span> <span class='ocrx_word' id='word_1_253' title='bbox 368 1887 539 1922; x_wconf 90' lang='lat' dir='ltr'>communi</span> <span class='ocrx_word' id='word_1_254' title='bbox 557 1887 640 1922; x_wconf 87' lang='lat' dir='ltr'>dicti</span> <span class='ocrx_word' id='word_1_255' title='bbox 667 1887 805 1935; x_wconf 90' lang='lat' dir='ltr'>capituli</span> <span class='ocrx_word' id='word_1_256' title='bbox 834 1887 943 1922; x_wconf 90' lang='lat' dir='ltr'>nostri</span> <span class='ocrx_word' id='word_1_257' title='bbox 971 1892 1024 1921; x_wconf 87' lang='lat' dir='ltr'>est</span> <span class='ocrx_word' id='word_1_258' title='bbox 1049 1884 1369 1932; x_wconf 82' lang='lat' dir='ltr'>appensumlapud</span> <span class='ocrx_word' id='word_1_259' title='bbox 1397 1883 1587 1918; x_wconf 87' lang='lat' dir='ltr'>Ecclesiam</span> <span class='ocrx_word' id='word_1_260' title='bbox 1616 1897 1692 1918; x_wconf 86' lang='lat' dir='ltr'>nos-</span> 
     </span>
     <span class='ocr_line' id='line_1_28' title="bbox 235 1943 1692 1995; baseline -0.002 -12"><span class='ocrx_word' id='word_1_261' title='bbox 235 1954 321 1983; x_wconf 86' lang='lat' dir='ltr'>tram</span> <span class='ocrx_word' id='word_1_262' title='bbox 350 1947 654 1995; x_wconf 88' lang='lat' dir='ltr'>Metropolitanam</span> <span class='ocrx_word' id='word_1_263' title='bbox 677 1948 933 1995; x_wconf 82' lang='lat' dir='ltr'>Glasguensem</span> <span class='ocrx_word' id='word_1_264' title='bbox 959 1946 1015 1981; x_wconf 90' lang='lat' dir='ltr'>die</span> <span class='ocrx_word' id='word_1_265' title='bbox 1042 1945 1181 1980; x_wconf 87' lang='lat' dir='ltr'>Sabbati</span> <span class='ocrx_word' id='word_1_266' title='bbox 1205 1945 1238 1978; x_wconf 93' lang='lat' dir='ltr'>in</span> <span class='ocrx_word' id='word_1_267' title='bbox 1261 1943 1392 1990; x_wconf 81' lang='lat' dir='ltr'>Vigilia</span> <span class='ocrx_word' id='word_1_268' title='bbox 1418 1943 1692 1981; x_wconf 78' lang='lat' dir='ltr'>penthecostes!</span> 
     </span>
     <span class='ocr_line' id='line_1_29' title="bbox 235 2003 1692 2056; baseline -0.002 -14"><span class='ocrx_word' id='word_1_269' title='bbox 235 2009 399 2044; x_wconf 86' lang='lat' dir='ltr'>videlicet</span> <span class='ocrx_word' id='word_1_270' title='bbox 415 2017 423 2046; x_wconf 84' lang='lat' dir='ltr'>l</span> <span class='ocrx_word' id='word_1_271' title='bbox 439 2009 495 2043; x_wconf 90' lang='lat' dir='ltr'>die</span> <span class='ocrx_word' id='word_1_272' title='bbox 515 2009 769 2056; x_wconf 85' lang='lat' dir='ltr'>decimaquinta</span> <span class='ocrx_word' id='word_1_273' title='bbox 790 2007 918 2043; x_wconf 86' lang='lat' dir='ltr'>mensis</span> <span class='ocrx_word' id='word_1_274' title='bbox 945 2006 1031 2041; x_wconf 86' lang='lat' dir='ltr'>Maii</span> <span class='ocrx_word' id='word_1_275' title='bbox 1049 2018 1139 2040; x_wconf 89' lang='lat' dir='ltr'>anno</span> <span class='ocrx_word' id='word_1_276' title='bbox 1159 2004 1301 2038; x_wconf 92' lang='lat' dir='ltr'>Domini</span> <span class='ocrx_word' id='word_1_277' title='bbox 1326 2003 1505 2038; x_wconf 87' lang='lat' dir='ltr'>millesimo</span> <span class='ocrx_word' id='word_1_278' title='bbox 1524 2004 1692 2051; x_wconf 84' lang='lat' dir='ltr'>quingen-</span> 
     </span>
     <span class='ocr_line' id='line_1_30' title="bbox 235 2065 1404 2116; baseline -0.006 -12"><span class='ocrx_word' id='word_1_279' title='bbox 235 2069 357 2104; x_wconf 88' lang='lat' dir='ltr'>tesimo</span> <span class='ocrx_word' id='word_1_280' title='bbox 377 2069 653 2116; x_wconf 87' lang='lat' dir='ltr'>Vigesimonono</span> <span class='ocrx_word' id='word_1_281' title='bbox 670 2078 678 2105; x_wconf 79' lang='lat' dir='ltr'>l</span> <span class='ocrx_word' id='word_1_282' title='bbox 695 2076 730 2103; x_wconf 88' lang='lat' dir='ltr'>et</span> <span class='ocrx_word' id='word_1_283' title='bbox 748 2074 865 2102; x_wconf 89' lang='lat' dir='ltr'>nostre</span> <span class='ocrx_word' id='word_1_284' title='bbox 884 2065 1155 2102; x_wconf 88' lang='lat' dir='ltr'>consecrationis</span> <span class='ocrx_word' id='word_1_285' title='bbox 1174 2077 1263 2098; x_wconf 89' lang='lat' dir='ltr'>anno</span> <span class='ocrx_word' id='word_1_286' title='bbox 1282 2069 1404 2110; x_wconf 88' lang='lat' dir='ltr'>quarto</span> 
     </span>
    </p>
   </div>
   <div class='ocr_carea' id='block_1_3' title="bbox 481 2183 1599 2236">
    <p class='ocr_par' dir='ltr' id='par_1_3' title="bbox 481 2183 1599 2236">
     <span class='ocr_line' id='line_1_31' title="bbox 481 2183 1599 2236; baseline -0.005 -11"><span class='ocrx_word' id='word_1_287' title='bbox 481 2190 643 2236; x_wconf 89' lang='lat' dir='ltr'>Sequitur</span> <span class='ocrx_word' id='word_1_288' title='bbox 662 2187 867 2234; x_wconf 87' lang='lat' dir='ltr'>subscriptio</span> <span class='ocrx_word' id='word_1_289' title='bbox 886 2186 1051 2221; x_wconf 86' lang='lat' dir='ltr'>manualis</span> <span class='ocrx_word' id='word_1_290' title='bbox 1070 2184 1152 2219; x_wconf 87' lang='lat' dir='ltr'>dicti</span> <span class='ocrx_word' id='word_1_291' title='bbox 1172 2184 1314 2219; x_wconf 89' lang='lat' dir='ltr'>Domini</span> <span class='ocrx_word' id='word_1_292' title='bbox 1335 2183 1599 2232; x_wconf 87' lang='lat' dir='ltr'>Archiepiscopi</span> 
     </span>
    </p>
   </div>
   <div class='ocr_carea' id='block_1_4' title="bbox 580 2302 1380 2354">
    <p class='ocr_par' dir='ltr' id='par_1_4' title="bbox 580 2302 1380 2354">
     <span class='ocr_line' id='line_1_32' title="bbox 580 2302 1380 2354; baseline -0.005 -11"><span class='ocrx_word' id='word_1_293' title='bbox 580 2309 738 2344; x_wconf 88' lang='lat' dir='ltr'>Gauinus</span> <span class='ocrx_word' id='word_1_294' title='bbox 761 2302 992 2354; x_wconf 84' lang='lat' dir='ltr'>Glasguensis</span> <span class='ocrx_word' id='word_1_295' title='bbox 1012 2305 1306 2352; x_wconf 86' lang='lat' dir='ltr'>Archiepiscopus</span> <span class='ocrx_word' id='word_1_296' title='bbox 1325 2311 1380 2340; x_wconf 84' lang='lat' dir='ltr'>etc</span> 
     </span>
    </p>
   </div>
  </div>
 </body>
</html>
