1922 2764
104 579 164 614 iiii.

653 285 828 322 CARTE
860 285 1250 322 GLASGUENSES.

1614 292 1634 322 Ιύ

1639 291 1659 323 02

1664 292 1684 327 x1

220 456 278 492 De
297 456 561 492 inheredatione
581 456 717 492 Thome
737 457 780 492 de
801 456 895 492 Aula
917 478 923 483 -

220 551 442 617 Venerabili
460 582 495 616 in
514 582 597 629 Xpo
614 581 705 629 patri
731 582 870 616 domino
891 581 1067 617 Willelmo
1092 581 1163 616 Dei
1189 581 1306 628 gracia
1326 581 1457 616 Abbati
1477 581 1520 616 de
1548 581 1683 616 Melros

218 643 442 678 communitas
457 643 607 678 ciuitatis
625 643 858 690 Glasguensis
877 643 1021 678 salutem
1037 656 1114 678 cum
1128 643 1334 678 reuerencia
1348 649 1384 678 et
1401 643 1533 677 honore
1557 663 1563 669 ·
1586 643 1683 677 vobis

217 704 465 740 innotescimus
483 717 546 752 per
563 710 747 751 presentes
767 704 859 751 quod
878 717 940 739 nos
959 717 1022 752 per
1040 705 1178 740 fidelem
1206 704 1470 752 inquisicionem
1489 716 1593 751 super
1619 704 1684 738 hoc

216 764 313 812 prius
330 765 454 801 factam
472 765 669 801 inuenimus
688 765 858 800 Thomam
884 766 1012 800 dictum
1032 766 1075 801 de
1095 765 1190 800 Aula
1207 765 1347 800 racione
1368 765 1544 801 Cristiane
1565 765 1684 799 onris

216 838 278 861 sue
296 826 424 861 iustum
437 826 604 862 heredem
619 832 790 861 terrarum
806 839 872 874 que
887 827 1060 873 quondam
1074 826 1217 861 fuerunt
1231 826 1406 874 Nycholai
1422 825 1559 873 Tigrim
1577 826 1684 873 patris

215 887 307 922 dicte
324 887 499 923 Cristiane
514 887 548 922 in
563 887 645 923 villa
659 888 702 923 de
718 887 855 934 Glasgu
872 894 907 922 et
922 887 1110 922 earundem
1126 887 1190 922 sibi
1210 887 1413 922 tradidimus
1427 887 1684 934 possessionem

215 954 366 984 vestram
383 954 549 995 rogantes
569 948 813 996 paternitatem
832 948 993 996 quatinus
1020 948 1055 983 in
1074 955 1238 996 quantum
1258 961 1319 983 vos
1345 949 1458 995 tangit
1485 948 1549 983 sibi
1568 948 1683 983 velitis

216 1022 295 1044 esse
321 1009 514 1056 graciosam
558 1009 599 1044 In
626 1009 724 1045 cuius
750 1010 802 1044 rei
829 1009 1064 1044 testimonium
1097 1009 1248 1056 sigillum
1279 1009 1532 1045 communitatis
1563 1015 1683 1044 nostre

212 1070 434 1118 presentibus
452 1070 613 1106 duximus
631 1071 874 1119 apponendum
918 1070 1050 1105 Datum
1081 1071 1172 1117 apud
1193 1070 1330 1117 Glasgu
1357 1071 1414 1106 die
1433 1076 1556 1105 octauo
1576 1070 1682 1105 Octo-

213 1131 283 1166 bris
327 1131 434 1166 Anno
451 1131 570 1178 gracie
589 1131 770 1166 millesimo
788 1131 1025 1166 tricentesimo
1044 1131 1208 1166 vicesimo
1227 1131 1347 1178 quinto
1369 1152 1375 1157 -

216 1315 390 1351 Vendicio
408 1314 600 1350 tenementi
619 1314 772 1361 Donaldj
794 1314 1002 1361 Taylyhour
1020 1314 1055 1348 in
1075 1313 1293 1348 Ratownraw
1317 1334 1322 1340 ·

151 1467 158 1475 .
210 1409 266 1475 In
286 1439 358 1475 Dei
378 1440 515 1475 nomine
531 1439 648 1475 Amen
670 1461 676 1467 ·
699 1452 762 1487 per
781 1439 842 1474 has
856 1439 976 1474 literas
995 1444 1113 1486 pateat
1134 1459 1140 1465 ·
1163 1438 1256 1485 quod
1272 1437 1455 1473 Donaldus
1472 1437 1679 1485 Taylyhour

210 1501 396 1548 burgensis
415 1501 458 1536 de
481 1501 618 1548 Glasgu
636 1500 796 1536 vendidit
817 1521 824 1527 ·
847 1500 986 1535 domino
1003 1500 1154 1546 Johannj
1176 1499 1220 1534 de
1248 1499 1397 1545 Dalgles
1417 1499 1546 1534 vicario
1565 1499 1680 1534 minis-

209 1562 316 1598 tranti
334 1562 369 1597 in
389 1562 494 1597 choro
516 1562 731 1610 Glasguensi
753 1583 759 1589 ·
782 1568 1022 1597 tenementum
1046 1574 1143 1596 suum
1171 1573 1249 1596 cum
1275 1560 1532 1608 pertinentibus
1555 1582 1561 1587 ·
1584 1561 1679 1596 vide-

208 1623 291 1659 licet
312 1644 318 1650 ·
340 1623 388 1670 iiij
412 1644 419 1650 -
441 1629 618 1658 carucatas
637 1629 732 1658 terre
751 1623 785 1657 in
805 1623 971 1658 anteriori
998 1623 1114 1658 fronte
1133 1635 1209 1657 cum
1229 1628 1305 1657 orto
1331 1621 1486 1657 iacentes
1512 1621 1547 1656 in
1566 1622 1679 1669 burgo

209 1684 253 1719 de
271 1684 409 1731 Glasgu
425 1684 460 1718 in
478 1690 576 1731 parte
596 1684 738 1719 australi
752 1684 819 1719 vici
838 1684 896 1731 qui
915 1683 1041 1719 dicitur
1057 1684 1276 1719 Ratownraw
1291 1683 1383 1718 inter
1401 1689 1530 1718 terram
1548 1683 1677 1719 Jonete

211 1743 316 1790 Pyd·
340 1756 386 1779 ex
415 1751 514 1792 parte
546 1744 707 1779 orientali
738 1750 774 1779 et
805 1750 932 1779 terram
966 1744 1162 1780 Subdecani
1197 1744 1429 1791 Glasguensis
1457 1765 1463 1770 ·
1486 1743 1650 1779 videlicet
1673 1766 1678 1771 -

210 1804 393 1839 Deneside
408 1817 452 1839 ex
466 1810 565 1852 parte
581 1805 787 1840 occidentali
809 1826 815 1832 ·
838 1818 901 1853 pro
916 1806 1068 1852 quinque
1087 1805 1211 1840 marcis
1228 1805 1355 1840 vsualis
1370 1811 1509 1840 monete
1528 1804 1647 1840 Scocie
1670 1825 1676 1832 ·

212 1864 306 1900 Acta
334 1865 475 1900 fuerunt
504 1865 570 1901 hec
600 1866 692 1913 apud
723 1866 861 1912 Glasgu
891 1879 981 1901 anno
1013 1866 1155 1913 Dominj
1185 1886 1190 1892 -
1217 1869 1287 1900 mm⁰
1309 1886 1315 1891 ·
1338 1870 1453 1900 ccccmo
1476 1886 1481 1891 ·
1508 1864 1642 1900 decimo
1670 1886 1675 1892 ·

210 1925 339 1960 mensis
369 1926 463 1973 Junij
498 1926 554 1961 die
576 1947 582 1953 ·
606 1926 678 1973 xiiij
703 1947 709 1952 ·
731 1926 953 1973 presentibus
986 1927 1133 1961 dominis
1163 1926 1324 1963 Johanne
1356 1925 1507 1961 Schort·
1532 1926 1676 1973 Rogero

214 1986 338 2021 Schort
356 1992 391 2021 et
413 1986 576 2022 Gilberto
594 1987 638 2022 de
657 1987 815 2034 Drumry
833 1987 971 2022 vicariis
990 1987 1265 2022 ministrantibus
1283 1987 1317 2021 in
1337 1987 1442 2022 choro
1461 1987 1676 2033 Glasguensi

211 2046 358 2082 testibus
380 2068 387 2074 ·
408 2046 569 2087 ,Iohanne
601 2047 644 2083 de
678 2047 824 2083 Hawike
855 2048 1064 2095 presbytero
1098 2047 1330 2095 Glasguensis
1361 2047 1510 2083 diocesis
1540 2047 1674 2083 notario

212 2107 349 2154 publico
371 2128 377 2134 ·
