1922 2764
216 251 287 283 930
643 249 973 285 MUNIMENTA
1001 248 1263 285 FRATRUM

215 358 459 393 Herbertsone
478 358 607 394 vicario
634 359 677 395 de
706 359 946 395 Abruthwene
991 359 1110 394 Dauid
1138 359 1294 395 Sinclare
1326 366 1362 395 et
1394 360 1499 396 Petro
1530 360 1679 409 Barclay

214 432 289 454 oum
309 419 457 454 diuersis
476 419 551 454 aliis

823 545 979 581 Joannes
997 544 1308 580 commendatarius
1336 545 1379 581 de
1400 545 1621 592 Coldingaim
1644 551 1680 580 et

874 605 1032 640 dominus
1052 605 1213 653 Darnely

215 790 487 825 Instrumentum
507 790 632 825 saisine
659 788 837 836 pensionis
855 788 1054 824 victualium
1073 789 1117 824 de
1144 789 1343 824 molendino
1372 790 1416 825 de
1446 790 1616 826 Darnelie
1644 797 1680 826 et

215 852 259 888 lie
279 852 408 900 Manys
428 853 470 887 de
492 851 729 888 Crukistoune

155 1001 162 1009 .
213 945 271 1011 ΙΝ
291 977 368 1012 DEI
388 989 534 1012 NOMlNE
556 977 674 1012 AMEN
697 998 703 1003 ·
726 990 789 1024 per
806 977 872 1012 hoc
890 977 1157 1012 instrumentum
1186 982 1304 1024 pateat
1330 976 1422 1024 quod
1449 989 1540 1012 anno
1569 976 1680 1012 incar-

214 1038 362 1073 nationis
390 1038 575 1073 Dominiee
610 1038 793 1073 millesimo
818 1038 1098 1085 quingentesimo
1125 1038 1413 1085 quinquagesimo
1445 1037 1592 1085 septimo
1622 1038 1679 1073 die

214 1112 298 1134 vero
317 1099 444 1134 mensis
472 1099 596 1146 Mareij
617 1105 740 1134 octauo
762 1120 768 1126 ·
793 1098 832 1133 ln
860 1105 1058 1134 nostrorum
1084 1099 1296 1134 notariorum
1323 1099 1539 1146 publicorum
1559 1105 1594 1134 et
1612 1108 1680 1134 tes-

213 1160 296 1194 tium
316 1160 613 1208 infrascriptorum
630 1160 809 1208 presentia
835 1160 1067 1207 personaliter
1086 1159 1294 1195 constitutus
1320 1160 1537 1195 reuerendus
1556 1160 1680 1195 Frater

212 1221 391 1257 Johannes
413 1221 554 1257 Huntar
570 1222 670 1256 Prior
689 1222 847 1257 Fratrum
870 1221 1131 1257 Predicatorum
1159 1221 1203 1256 de
1226 1221 1363 1268 Glasgu
1392 1221 1524 1256 habens
1544 1221 1613 1256 suis
1644 1221 1679 1256 in

212 1282 369 1317 manibus
383 1283 554 1329 quandam
569 1289 697 1317 cartam
712 1282 948 1318 concessionis
963 1282 1140 1317 cuiusdam
1158 1282 1337 1330 pensionis
1352 1281 1550 1317 victualium
1569 1281 1680 1317 farine

212 1343 308 1390 ordej
330 1349 366 1378 et
383 1344 495 1391 brasej
517 1344 755 1379 continentem
773 1344 808 1378 in
836 1344 904 1378 fine
932 1343 1086 1378 eiusdam
1116 1343 1287 1390 quoddam
1318 1349 1521 1390 preceptum
1553 1342 1680 1378 saisine

212 1405 397 1451 reuerendj
426 1404 533 1452 patris
558 1404 729 1441 Johannis
748 1404 1029 1451 commendatarij
1059 1405 1102 1439 de
1124 1404 1355 1451 Coldingame
1375 1409 1410 1439 et
1428 1403 1557 1438 domini
1589 1404 1680 1439 Dar-

212 1465 303 1500 nelie
322 1478 535 1512 pergameno
553 1466 718 1513 scriptum
751 1466 813 1500 sub
841 1478 903 1500 suo
935 1465 1050 1512 sigillo
1069 1471 1105 1500 et
1135 1465 1390 1512 subscriptione
1420 1465 1568 1512 manualj
1601 1477 1682 1500 cera

211 1527 319 1561 rubea
345 1527 422 1561 albe
449 1527 617 1574 impressa
642 1527 769 1561 litteris
798 1526 997 1573 legibilibus
1025 1526 1059 1560 in
1080 1526 1361 1561 circumferentia
1387 1526 1527 1560 nomine
1556 1539 1618 1560 suo
1646 1532 1682 1561 et

210 1587 416 1634 cognomine
435 1588 653 1634 portantibus
672 1601 747 1622 cum
767 1588 869 1622 armis
888 1587 921 1621 in
942 1587 1055 1622 medio
1075 1587 1218 1634 sculptis
1236 1592 1274 1622 vt
1291 1587 1396 1621 moris
1421 1593 1474 1622 est
1492 1587 1680 1634 sigillatum

212 1655 247 1683 et
265 1648 496 1696 subscriptum
514 1648 705 1695 honorabilj
726 1648 800 1683 viro
814 1648 837 1684 J
839 1648 946 1683 acobo
963 1648 1118 1684 Steward
1137 1648 1181 1683 de
1198 1647 1398 1683 Cardonald
1416 1647 1544 1682 balliuo
1563 1648 1598 1682 in
1616 1648 1680 1683 hac

211 1715 308 1756 parte
328 1709 409 1756 dictj
426 1710 611 1756 reuerendj
634 1710 740 1757 patris
757 1709 926 1744 directum
944 1718 952 1746 l
970 1722 1010 1744 ea
1024 1722 1091 1756 qua
1105 1709 1222 1744 decuit
1248 1709 1449 1744 reuerentia
1462 1709 1681 1757 presentauit

210 1770 322 1817 ipsum
340 1771 504 1805 balliuum
523 1770 706 1818 requirens
726 1771 818 1818 quod
837 1771 928 1805 idem
946 1776 1154 1818 preceptum
1185 1770 1303 1805 debite
1322 1770 1521 1805 executioni
1540 1770 1682 1805 deman-

210 1831 310 1866 daret
332 1852 338 1858 ·
363 1831 472 1866 Cuius
490 1832 645 1879 preceptj
666 1832 776 1866 forma
794 1831 950 1878 sequitur
967 1831 1163 1866 huiusmodi
1192 1831 1255 1866 sub
1278 1836 1401 1866 tenore
1421 1852 1427 1858 -
1450 1852 1457 1858 ·
1479 1831 1680 1872 Quocum

210 1893 346 1928 dilectis
364 1894 449 1928 meis
467 1894 600 1930 Jacobo
621 1894 776 1929 Steward
795 1894 838 1928 de
860 1893 1061 1928 Cardonald
1609 1893 1680 1928 bal-

210 1953 288 1988 liuis
315 1954 400 1989 meis
418 1954 452 1988 in
471 1954 535 1989 hac
563 1960 661 2002 parte
684 1954 764 2001 [etc.
783 1959 824 1989 ut
841 1967 962 2001 supra,
983 1966 1040 1989 no.
1062 1957 1120 1994 74.
1144 1967 1261 2001 pagg.
1289 1957 1371 1996 2⁶29,
1402 1953 1501 2000 230]
1524 1975 1530 1981 ·
1554 1975 1560 1982 ·
1582 1954 1681 1990 POST

212 2027 473 2053 cumsomDEM
503 2015 660 2062 preceptj
696 2015 998 2062 presentacionem
1037 2015 1269 2062 perlecturam
1305 2021 1342 2050 et
1371 2015 1645 2062 publicacionem
1672 2037 1678 2043 -

212 2076 358 2110 accessit
387 2077 542 2124 prefatus
573 2077 721 2112 balliuus
753 2077 795 2112 ad
824 2077 1017 2124 predictum
1046 2077 1283 2112 molendinum
1302 2077 1346 2112 de
1374 2077 1545 2112 Darnelie
1573 2083 1608 2112 et
1634 2077 1679 2112 lie

212 2136 329 2171 Manis
348 2137 391 2171 de
412 2137 624 2173 Crukistone
644 2144 679 2173 et
698 2138 825 2172 ibidem
845 2144 971 2173 statum
994 2143 1030 2172 et
1048 2137 1208 2172 saisinam
1226 2137 1457 2172 hereditarios
1476 2137 1567 2172 dicte
1595 2150 1679 2185 pen-

212 2197 317 2232 sionis
335 2197 534 2232 victualium
552 2199 687 2245 prefato
703 2199 815 2245 Fratrj
832 2198 983 2245 Johannj
1008 2198 1149 2233 Huntar
1169 2198 1279 2245 Priorj
1301 2198 1461 2233 Fratrum
1482 2198 1680 2233 Predicato·

212 2270 286 2292 rum
305 2258 348 2292 de
371 2257 515 2305 Glasgw
533 2271 597 2305 per
624 2266 718 2293 terre
745 2266 781 2294 et
811 2259 934 2306 lapidis
966 2259 1258 2294 deliberacionem
1277 2259 1419 2294 tradidit
1440 2279 1446 2285 ·
1470 2258 1563 2294 Acta
1581 2266 1680 2294 erant

213 2319 277 2353 hec
309 2331 412 2366 super
443 2318 553 2353 solum
582 2319 750 2354 dictarum
782 2326 953 2354 terrarum
980 2320 1202 2367 presentibus
1234 2320 1361 2355 ibidem
1379 2319 1540 2356 Johanne
1574 2320 1679 2355 Knox
