1922 2764
228 251 294 286 126
550 248 704 283 LIBER
730 247 979 284 ECCLESIE
1008 247 1348 284 COLLEGIATE

223 348 334 383 eidem
354 346 590 382 adiacentibus
607 346 642 380 in
657 346 725 381 fine
744 346 884 381 australi
899 345 980 380 dicti
996 345 1061 380 orti
1078 354 1086 380 Ι
1104 344 1314 379 continentis
1332 343 1368 377 in
1386 343 1500 377 fronte
1515 342 1679 377 anteriori

225 409 309 443 duas
328 407 429 442 rodas
447 413 540 442 terre
557 416 566 443 l
580 406 727 454 jacentis
746 406 780 440 in
798 406 910 452 burgo
929 406 972 440 de
994 404 1235 450 Rutherglene
1254 403 1289 437 in
1305 402 1395 437 Vico
1417 402 1572 437 Australi
1591 402 1680 437 eius-

226 469 303 504 dem
316 468 407 503 inter
419 474 529 502 terras
544 467 617 502 siue
632 472 868 501 tenementum
883 465 1048 500 Willelmi
1063 464 1159 498 Scott
1172 476 1217 498 ex
1228 463 1387 497 orientali
1399 468 1434 497 et
1443 468 1680 497 tenementum

225 529 247 564 J
250 528 394 563 ohannis
409 528 527 562 Millar
543 536 552 564 l
568 527 650 562 alias
668 527 783 562 Sancti
799 525 972 560 Nioholaii
989 534 997 561 Ι
1014 537 1060 559 ex
1073 523 1280 558 occidentali
1297 523 1451 570 partibus
1468 531 1476 559 l
1492 535 1555 570 per
1572 522 1681 569 resig-

226 589 401 624 nationem
419 588 588 625 Johannis
616 587 732 634 Brady
751 587 811 621 filii
831 592 866 620 et
882 585 1021 620 heredis
1040 584 1211 631 quondam
1231 583 1382 618 Mariote
1403 583 1628 618 Hamiltoune
1648 589 1683 617 et

228 650 376 685 Isabelle
398 649 538 685 Oswald
557 660 682 695 sponse
702 646 783 681 dicti
801 645 970 682 Johannis
989 663 994 669 ·
1012 643 1202 678 Assedauit
1219 649 1328 678 totum
1353 649 1388 678 et
1413 643 1587 690 integrum
1606 656 1682 689 pre·

228 711 392 757 scriptum
407 714 644 744 tenementum
659 720 734 742 cum
750 707 819 741 suis
832 704 1053 753 pertinentiis
1069 703 1242 738 Macolmo
1256 703 1372 750 Brady
1384 703 1453 738 filio
1469 709 1504 738 et
1518 715 1683 750 apparen-

229 771 254 805 ti
271 770 393 805 heredi
411 770 562 817 ipsorum
580 768 749 804 Johannis
768 773 803 801 et
822 766 970 801 Isabelle
990 765 1174 811 coniugum
1191 773 1200 800 Ι
1216 764 1260 799 de
1279 776 1450 799 consensu
1469 764 1658 799 eorundem
1675 771 1683 799 Ι

228 831 483 876 heredibusque
503 829 572 864 suis
591 828 851 875 quibuscunque
868 835 877 862 l
893 839 955 873 pro
973 838 1087 860 annua
1105 825 1276 859 solutione
1296 824 1471 859 sexdecim
1498 824 1685 858 solidorum

229 891 333 925 annui
357 890 513 925 redditus
532 888 658 923 vsualis
676 893 814 922 monete
833 886 933 934 regni
963 886 1077 921 Scotie
1104 886 1214 920 libere
1233 885 1391 920 soluendi
1410 885 1501 920 dicto
1521 884 1686 931 magistro

234 950 401 986 Nicholao
420 956 455 985 et
472 949 659 984 heredibus
678 949 747 983 suis
767 960 828 983 seu
846 947 1030 994 assignatis
1046 956 1055 983 l
1071 959 1217 981 vnacum
1232 951 1369 981 centum
1388 945 1472 993 piris
1491 945 1687 980 sufficienti-

230 1012 293 1045 bus
312 1011 411 1045 bonis
438 1016 473 1044 et
498 1009 639 1044 maturis
656 1017 664 1045 Ι
680 1008 725 1043 lie
746 1008 824 1043 Rob
849 1007 990 1054 Hyndis
1017 1006 1222 1053 nuncupatis
1239 1015 1248 1042 Ι
1264 1012 1420 1053 tempore
1447 1005 1634 1040 autumnali
1653 1011 1689 1040 et

233 1071 437 1106 maturitatis
450 1071 637 1105 eorundem
652 1070 686 1103 in
699 1069 839 1104 ciuitate
852 1068 1065 1114 Glasguensi
1081 1076 1090 1104 Ι
1106 1067 1244 1102 nomine
1257 1067 1361 1101 annui
1375 1066 1688 1101 redditusfeodifir-

231 1132 327 1166 malis
344 1142 353 1168 l
369 1144 444 1166 cum
463 1132 560 1165 firma
576 1130 712 1177 burgali
730 1129 975 1165 collectoribus
990 1129 1145 1163 eiusdem
1164 1128 1400 1163 tantummodo
1422 1148 1428 1154 ·
1450 1127 1639 1162 tenendum
1655 1133 1690 1162 et

232 1192 427 1227 habendum
445 1192 674 1239 prescriptum
692 1196 930 1226 tenementum
956 1189 1150 1237 prescripto
1170 1188 1342 1224 Macolmo
1361 1194 1397 1223 et
1414 1188 1600 1222 heredibus
1620 1187 1690 1222 suis

234 1252 267 1286 in
280 1252 473 1286 feudifirma
488 1258 523 1286 et
537 1251 742 1299 emphiteosi
757 1251 1011 1298 imperpetuum
1029 1271 1034 1276 -
1054 1250 1125 1290 Qui
1139 1249 1305 1296 magister
1319 1248 1508 1283 Nicholaus
1522 1248 1690 1283 causanti-

233 1313 296 1346 bus
311 1312 486 1359 premissis
504 1312 700 1347 huiusmodi
714 1317 949 1346 tenementum
967 1311 999 1345 in
1016 1310 1171 1345 manibus
1186 1309 1285 1357 probi
1299 1309 1365 1343 viri
1378 1309 1547 1345 Johannis
1564 1309 1692 1355 Young

234 1373 334 1407 vnius
360 1373 563 1419 balliuoruin
583 1373 666 1407 dicti
692 1372 794 1419 burgi
821 1371 1021 1419 simpliciter
1049 1371 1240 1417 resignauit
1261 1391 1267 1397 ·
1292 1370 1373 1411 Qua
1389 1370 1625 1416 resignatione
1645 1370 1692 1404 sic

234 1433 324 1467 facta
341 1433 494 1479 prcfatus
512 1432 660 1467 balliuus
679 1438 803 1467 statum
823 1438 858 1466 et
877 1432 1035 1466 saisinam
1053 1431 1282 1466 hereditarios
1300 1430 1483 1478 prescripti
1502 1430 1692 1465 tenementi

237 1493 329 1527 dicto
345 1493 518 1527 Maeolmo
531 1499 566 1527 et
576 1492 764 1527 heredibus
783 1492 853 1526 suis
866 1504 928 1539 per
941 1499 1033 1526 terre
1047 1498 1082 1526 et
1093 1491 1216 1538 lapidis
1228 1491 1448 1526 traditionem
1461 1490 1667 1525 deliberauit
1683 1499 1692 1526 Ι

240 1553 415 1588 Soluendo
434 1553 513 1587 inde
533 1553 707 1587 annuatim
734 1552 885 1599 prefatos
910 1552 1085 1587 sexdecim
1105 1551 1232 1586 solidos
1249 1560 1257 1587 Ι
1273 1563 1417 1586 vnacum
1437 1551 1537 1585 dictis
1555 1556 1693 1585 centum

237 1614 321 1661 piris
340 1613 385 1648 lie
402 1613 480 1647 Rob
499 1613 638 1660 Hyndis
657 1613 862 1660 nuncupatis
879 1621 887 1648 Ι
904 1612 1008 1647 annui
1026 1612 1182 1646 redditus
1204 1632 1210 1638 ·
1235 1611 1307 1652 Qui
1324 1611 1488 1658 magister
1504 1611 1694 1646 Nicholaus

238 1674 272 1708 in
287 1673 482 1708 huiusmodi
497 1686 610 1708 annuo
624 1673 763 1708 redditu
781 1686 844 1720 per
858 1673 1028 1720 prefatum
1042 1672 1206 1707 balliuum
1222 1672 1390 1719 legittime
1403 1671 1539 1707 saisitus
1556 1681 1564 1708 Ι
1579 1672 1694 1706 huius-

240 1734 329 1768 modi
350 1747 500 1768 annuum
523 1734 696 1768 redditum
715 1733 891 1768 sexdecim
919 1733 1130 1769 solidorum!
1147 1745 1223 1767 cum
1250 1732 1350 1767 dietis
1377 1738 1514 1767 centum
1541 1732 1624 1779 piris
1650 1732 1695 1766 lie

242 1794 319 1828 Rob
343 1794 481 1841 Hyndis
500 1794 706 1841 nuncupatis
722 1803 731 1830 l
747 1806 809 1841 per
829 1794 873 1828 lie
891 1793 977 1840 hesp
992 1799 1028 1828 et
1042 1793 1153 1840 stapill
1174 1805 1213 1827 ac
1231 1793 1364 1827 denarii
1383 1793 1418 1827 in
1436 1805 1572 1827 manum
1591 1792 1696 1840 impo-

242 1855 399 1889 sitionem
419 1855 452 1889 in
473 1855 628 1889 manibus
647 1854 729 1889 dicti
748 1854 866 1889 balliui
882 1863 891 1890 l
907 1854 1045 1888 nomine
1065 1853 1223 1888 Ecclesie
1240 1853 1436 1899 Collegiate
1455 1852 1563 1888 Beate
1583 1852 1697 1888 Marie

243 1915 402 1961 Virginis
428 1915 577 1949 ciuitatis
608 1914 839 1961 Glasguensis
856 1922 864 1950 l
880 1914 1072 1961 resignauit
1089 1932 1094 1938 ·
1112 1913 1325 1948 reseruando
1352 1913 1417 1948 sibi
1443 1913 1607 1960 magistro
1635 1913 1698 1947 Ni-

242 1975 361 2009 cbolao
380 1988 477 2009 vsum
495 1975 666 2010 fructuum
684 1975 880 2009 huiusmodi
906 1975 1010 2009 annui
1037 1974 1193 2009 redditus
1212 1980 1247 2009 et
1265 1974 1525 2021 dispositionem
1544 1974 1697 2008 eiusdem

242 2048 304 2082 pro
323 2041 396 2070 toto
414 2041 568 2082 tempore
588 2036 658 2070 vite
678 2048 738 2070 sue
761 2056 767 2062 -
793 2035 863 2076 Qui
882 2048 966 2070 vero
983 2035 1131 2070 balliuus
1144 2035 1234 2069 facta
1250 2034 1445 2069 huiusmodi
1463 2034 1698 2080 resignatione

244 2100 368 2129 statum
388 2101 422 2129 et
441 2095 598 2130 saisinam
617 2096 699 2131 dicti
718 2095 823 2130 annui
847 2095 1003 2130 redditus
1023 2096 1174 2130 discreto
1192 2095 1266 2130 viro
1285 2095 1423 2129 domino
1441 2095 1572 2131 Jacobo
1592 2095 1699 2141 Doby

244 2155 450 2201 presbytero
467 2164 475 2190 Ι
492 2156 629 2190 nomine
648 2156 739 2191 dicte
758 2156 917 2191 Ecclesie
934 2164 943 2192 l
959 2169 1021 2203 per
1039 2156 1084 2191 lie
1107 2154 1222 2203 [hesp]
1245 2161 1280 2190 et
1295 2155 1409 2203 stapill
1427 2161 1463 2190 et
1481 2155 1613 2190 denarii
1640 2155 1699 2190 im-

248 2214 453 2261 positionem
481 2215 687 2250 deliberauit
709 2237 714 2242 ·
739 2216 964 2251 Presentibus
989 2216 1116 2251 ibidem
1140 2216 1299 2251 discretis
1317 2216 1400 2250 viris
1419 2215 1591 2250 Macolmo
1610 2215 1700 2250 Park

245 2274 404 2310 ,Iohanne
426 2274 521 2320 Pady
543 2275 716 2322 Stephano
744 2275 861 2322 Brady
877 2276 1015 2322 juniore
1033 2277 1165 2312 Jacobo
1192 2276 1370 2311 Frebarne
1390 2275 1565 2310 Willelmo
1587 2275 1699 2311 Gard-
