1922 2764
536 270 576 304 B.
606 270 653 304 V.
682 269 851 303 MARIE
882 268 948 303 ET
977 269 1011 304 S.
1042 269 1200 303 ANNE.
1558 275 1600 305 15

141 369 232 404 dicta
248 369 444 415 Collegiata
467 367 628 403 Ecclesia
653 367 898 414 erigendorum
918 372 954 401 et
971 366 1302 413 incorporandorum
1321 379 1359 401 ac
1378 380 1439 414 per
1462 368 1601 414 equales

142 430 272 465 medias
302 429 480 476 portiones
507 428 773 464 diuidendorum
806 427 863 462 Ad
895 439 1026 461 annuas
1045 433 1089 469 *et
1114 432 1301 474 perpetuas
1332 428 1601 462 sustentationes

140 492 286 526 duorum
310 490 552 525 canonicorum
571 495 607 524 et
623 488 932 536 prebendariorum
951 499 1090 523 exnunc
1108 493 1143 522 et
1161 487 1300 522 inantea
1318 488 1496 534 perpetuis
1513 488 1602 522 futu-

141 553 187 587 ris
206 551 419 599 temporibus
443 551 478 585 in
497 551 602 586 choro
621 550 713 585 dicte
734 549 929 595 Collegiate
959 548 1116 583 Ecclesie
1143 547 1374 595 personaliter
1401 554 1436 582 et
1461 561 1524 594 per
1552 561 1602 582 se-

141 613 233 660 ipsos
261 618 297 648 et
321 625 390 647 non
418 625 482 660 per
509 611 714 647 substitutos
733 610 930 658 capellanos
956 609 1254 644 deseruiturorum
1308 608 1354 643 Et
1371 608 1429 655 qui
1448 614 1550 643 erunt
1567 609 1601 642 in

141 680 244 709 cantu
262 680 298 708 et
315 673 473 708 discantu
490 682 498 709 Ι
514 685 553 707 ac
572 672 654 707 alias
681 677 784 719 prout
802 671 858 706 alii
878 671 969 705 dicte
990 670 1186 717 Collegiate
1215 669 1374 705 Ecclesie
1394 668 1549 704 canonici
1569 676 1603 703 et

141 734 363 782 prebendarii
390 746 528 769 exnunc
553 733 685 768 fundati
714 733 822 768 erecti
850 738 885 767 et
911 731 1060 766 instituti
1087 744 1126 766 ac
1152 731 1185 765 in
1206 731 1358 766 futurum
1377 730 1544 764 fundandi
1569 736 1603 764 et

141 795 345 830 instituendi
372 803 380 831 1
406 794 531 844 eruditi
562 794 721 828 instructi
749 799 784 828 et
811 793 1021 828 sufficienter
1048 792 1232 839 qualificati
1261 791 1308 826 Et
1338 790 1483 838 singulis
1510 791 1603 825 horis

141 856 315 891 canonicis
343 855 589 901 missarumque
609 854 775 889 solenniis
794 860 829 889 et
847 853 1140 888 celebrationibus
1166 853 1200 887 in
1220 853 1311 887 dicte
1331 852 1479 887 ecclesie
1498 851 1602 886 choro

143 917 312 952 interesse
341 916 387 950 Et
413 916 455 950 ad
482 915 726 962 Collegialium
754 921 958 950 statutorum
986 914 1207 949 laudabilium
1235 914 1269 948 in
1297 913 1388 948 dicta
1408 912 1604 959 Collegiata

142 978 301 1013 Ecclesia
327 977 410 1012 alias
436 990 499 1024 pro
526 983 681 1023 tempore
709 976 881 1011 editorum
900 982 936 1010 et
953 976 1169 1010 conditorum
1188 974 1422 1009 inuiolabilem
1442 974 1603 1008 obserua-

141 1040 269 1074 tionem
288 1045 391 1086 prout
409 1039 466 1073 alii
485 1038 640 1073 eiusdem
659 1037 806 1072 ecclesie
826 1037 982 1072 canonici
1001 1043 1036 1071 et
1054 1036 1277 1083 prebendarii
1295 1036 1337 1070 ad
1355 1035 1421 1070 hoc
1439 1040 1603 1069 tenentur

142 1100 339 1147 obligantur
371 1105 407 1135 et
433 1112 477 1134 ex
509 1099 664 1134 eiusdem
694 1098 906 1133 fundationis
937 1104 1059 1133 tenore
1091 1097 1330 1144 astringuntur
1383 1096 1532 1131 Necnon
1562 1096 1603 1130 ad

141 1161 232 1196 dicte
263 1161 440 1208 pensionis
467 1173 580 1195 annue
608 1160 729 1195 decem
756 1159 920 1194 librarum
946 1159 1075 1193 vicario
1106 1157 1327 1205 pensionario
1358 1170 1420 1204 pro
1447 1163 1603 1204 tempore

141 1222 306 1257 existenti
335 1222 484 1257 Necnon
504 1221 547 1256 ad
571 1221 722 1255 omnium
741 1227 776 1256 et
795 1220 1009 1267 singulorum
1028 1219 1171 1254 aliorum
1190 1231 1333 1254 onerum
1352 1218 1602 1252 ordinariorum

141 1290 177 1318 et
190 1283 542 1318 extraordinariorum
553 1294 836 1329 quorumcunque
854 1290 861 1317 s
877 1293 941 1328 per
954 1280 1117 1315 vicarium
1132 1286 1339 1328 perpetuum
1351 1279 1443 1314 dicte
1456 1278 1603 1313 ecclesie

142 1350 222 1379 ante
241 1344 446 1379 diuisionem
464 1343 785 1378 dimembrationem
804 1342 1015 1377 creationem
1035 1341 1247 1376 erectionem
1262 1340 1423 1375 vnionem
1439 1345 1474 1374 et
1492 1339 1603 1373 incor-

140 1405 355 1452 porationem
381 1405 482 1440 modo
506 1404 726 1452 infrascripto
750 1403 925 1439 faciendas
942 1411 950 1439 l
966 1403 1061 1450 prius
1088 1402 1241 1450 persolui
1269 1401 1446 1436 solitorum
1475 1406 1510 1435 et
1536 1412 1602 1446 que

141 1467 278 1502 soluere
293 1467 471 1502 debuisset
491 1467 546 1502 Ac
565 1467 593 1501 si
611 1466 703 1501 dicta
718 1465 844 1500 vicaria
861 1470 1031 1513 perpetua
1049 1470 1166 1498 erecta
1184 1463 1279 1497 vnita
1293 1468 1329 1497 et
1346 1463 1380 1496 in
1401 1474 1501 1496 vnam
1520 1473 1602 1508 pen-

141 1528 322 1563 sionariam
349 1528 511 1563 vicariam
542 1533 577 1562 et
604 1527 689 1562 duas
719 1526 916 1574 prebendas
943 1531 980 1560 vt
1006 1524 1217 1572 premittitur
1246 1523 1357 1558 diuisa
1384 1535 1454 1558 non
1481 1521 1603 1556 fuisset

140 1588 312 1636 integram
339 1589 544 1624 solutionem
572 1593 608 1623 et
634 1587 901 1623 satisfactionem
928 1587 1019 1621 inter
1045 1586 1138 1633 ipsos
1165 1584 1415 1632 prebendarios
1439 1583 1602 1618 constitu-

141 1650 249 1684 endos
268 1655 304 1684 et
322 1649 508 1696 erigendos
528 1649 698 1696 equaliter
717 1648 923 1683 diuidendas
949 1660 1012 1695 pro
1040 1646 1218 1694 perpetuis
1237 1646 1361 1681 futuris
1389 1645 1602 1692 temporibus

140 1711 331 1746 faciendam
348 1719 357 1747 l
373 1711 586 1746 tenebuntur
601 1710 846 1758 obligabuntur
865 1715 901 1744 et
914 1708 1152 1755 astringentur
1172 1707 1228 1741 Ex
1247 1712 1364 1741 nostra
1379 1712 1414 1740 et
1429 1717 1603 1740 successo-

141 1785 216 1806 rum
240 1778 437 1807 nostrorum
462 1772 699 1819 predictorum
723 1771 889 1818 quociens
907 1769 1069 1804 vicariam
1096 1767 1349 1815 pensionariam
1368 1779 1407 1801 ac
1425 1765 1602 1800 canonica-

140 1839 195 1868 tus
214 1840 249 1868 et
274 1833 470 1880 prebendas
497 1833 649 1880 prefatos
676 1838 714 1867 vt
741 1831 953 1879 premittitur
981 1829 1168 1877 erigendos
1195 1828 1295 1863 simul
1322 1827 1378 1862 vel
1406 1826 1602 1872 respectiue

141 1907 264 1929 vacare
283 1894 470 1941 contigerit
490 1894 750 1941 presentatione
767 1901 776 1929 l
792 1898 909 1927 vestre
928 1889 1220 1925 reuerendissime
1238 1887 1456 1935 paternitatis
1475 1893 1510 1921 et
1529 1898 1602 1921 suc-

142 1968 316 1990 cessorum
347 1961 542 1990 vestrorum
573 1955 720 1990 ecclesie
751 1952 982 1999 Glasguensis
1012 1950 1364 1997 Archiepiscoporum
1394 1947 1602 1982 admissione

142 2016 324 2051 collatione
352 2016 550 2063 prouisione
570 2021 606 2050 et
623 2014 841 2049 institutione
861 2012 1033 2047 ordinaria
1051 2010 1247 2058 respectiue
1266 2008 1390 2044 fiendis
1407 2017 1415 2044 Ι
1432 2014 1601 2055 perpetue

142 2077 260 2112 vnioni
286 2076 509 2111 annexationi
528 2081 564 2111 et
581 2074 851 2122 incorporationi
877 2073 932 2107 Ac
957 2072 1147 2107 eorundem
1171 2070 1298 2105 vicarie
1325 2069 1545 2117 pensionarie
1564 2082 1602 2104 ac

142 2138 402 2172 canonicatuum
423 2143 458 2171 et
475 2136 729 2183 prebendarum
749 2133 983 2181 predictorum
998 2131 1165 2167 erectioni
1180 2130 1417 2166 constitutioni
1435 2130 1601 2165 creationi

143 2204 179 2233 et
203 2197 474 2245 incorporationi
500 2203 538 2231 vt
563 2196 753 2244 predicitur
779 2207 841 2241 per
869 2193 1086 2228 sanctitatem
1105 2198 1254 2227 vestram
1276 2191 1512 2239 Apostolicam
1540 2204 1601 2226 seu

144 2259 246 2293 etiam
280 2271 343 2306 per
377 2257 621 2305 paternitatem
655 2262 805 2291 vestram
840 2253 1166 2289 reuerendissimam
1197 2253 1371 2288 ordinaria.
1403 2252 1600 2300 respectiue

144 2319 404 2354 auctoritatibus
430 2317 636 2353 alternatiue
662 2316 786 2352 fiendis
803 2324 811 2351 Ι
829 2315 885 2350 Ex
911 2314 1081 2350 communi
1109 2320 1144 2349 et
1169 2314 1320 2348 vnanimi
1347 2313 1498 2348 omnium
1524 2325 1601 2347 nos-
