1922 2764
674 233 713 267 B.
745 233 790 268 V.
820 233 988 267 MARIE
1016 233 1084 267 ET
1113 235 1146 268 S.
1177 234 1335 268 ANNE.
1664 241 1725 271 101

277 333 463 378 Kynclaith
482 345 589 380 prope
614 332 770 378 Myldam
789 344 888 378 quam
917 343 1008 365 nunc
1027 337 1173 377 occupat
1191 337 1226 365 et
1244 337 1401 366 manurat
1430 332 1595 367 Patricius
1616 333 1730 368 Craw—

274 393 352 427 furd
379 393 464 428 ciuis
493 392 724 440 Glasguensis
748 392 840 426 inter
866 398 976 426 terras
1004 391 1081 425 olim
1110 390 1318 436 Kentigerni
1347 390 1534 427 Mortoune
1562 406 1607 427 ex
1632 400 1730 440 parte

274 453 433 488 orientali
452 459 487 488 et
505 459 614 488 terras
633 458 830 500 spectantes
857 452 948 486 dicto
974 451 1140 498 magistro
1165 451 1297 487 Jacobo
1315 451 1489 486 fundatori
1512 465 1555 487 ex
1574 454 1730 488 occiden-

273 513 463 549 talilItem
490 513 643 548 secundo
662 513 703 547 ad
723 525 824 547 vnam
851 511 1032 546 dimediam
1061 524 1172 546 acram
1199 517 1293 546 terre
1317 511 1491 557 jacentem
1518 512 1552 546 in
1581 513 1730 548 Dowhill

273 574 363 608 inter
394 580 505 608 terras
536 573 725 620 capellanie
759 573 875 607 Sancti
908 572 1068 607 Nicholai
1097 584 1140 606 ex
1168 571 1308 606 australi
1336 577 1371 606 et
1398 577 1507 606 terras
1541 573 1731 621 Pedagogii

277 633 508 680 Glasguensis
535 646 579 668 ex
606 633 736 668 boreali
766 633 921 680 partibus
938 641 946 669 l
963 633 1052 667 Item
1082 632 1191 667 tercio
1218 632 1261 666 ad
1289 631 1471 666 dimediam
1499 645 1610 667 aeram
1638 640 1730 669 terre

273 694 474 741 campestris
501 694 544 729 de
574 694 813 729 Brumelandis
836 694 1009 740 jacentem
1036 693 1128 728 inter
1155 699 1266 727 terras
1287 692 1448 727 Rectoris
1468 694 1510 727 de
1533 693 1668 740 Glasgu
1687 707 1731 728 ex

275 754 433 789 orientali
446 761 481 789 et
492 760 603 789 terras
618 755 789 801 quondam
805 754 958 789 Donaldi
975 753 1110 788 Lioune
1124 766 1168 788 ex
1183 753 1387 788 occidentali
1403 754 1557 800 partibus
1573 774 1579 780 ·
1598 754 1645 788 Et
1660 767 1731 789 eas-

274 815 353 850 dem
371 821 481 849 terras
508 815 825 861 supraspecificatas
852 813 1052 861 simpliciter
1070 813 1262 859 resignauit
1280 813 1313 847 in
1333 814 1489 848 manibus
1508 813 1648 848 disereti
1667 815 1731 849 viri

276 875 416 910 Patrieii
443 875 579 910 Lioune
598 875 698 910 vnius
720 875 924 909 balliuorum
943 874 1092 909 ciuitatis
1114 874 1345 920 Glasguensis
1364 874 1398 908 in
1416 874 1571 909 fauorem
1589 888 1732 910 venera-

273 936 352 970 bilis
367 936 431 970 viri
445 936 601 983 magistri
613 932 736 972 Jacobi
753 936 961 970 Houstoune
977 935 1164 969 subdecani
1182 935 1413 980 Glasguensis
1427 935 1619 969 fundatoris
1638 935 1731 970 Noui

276 995 426 1043 Collegii
446 996 560 1031 situati
580 996 669 1030 infra
687 996 862 1031 ciuitatem
884 996 1141 1042 Glasguensem
1159 1003 1167 1031 l
1184 995 1231 1030 Et
1250 995 1361 1030 statim
1382 995 1473 1029 idem
1491 995 1638 1030 balliuus
1667 1003 1731 1030 sta-

274 1063 344 1092 tum
365 1064 400 1092 et
418 1057 576 1092 saisinam
595 1057 823 1091 hereditarios
842 1057 1030 1091 earundem
1049 1062 1217 1091 terrarum
1238 1068 1300 1102 per
1319 1061 1412 1090 terre
1433 1062 1467 1090 et
1488 1055 1610 1102 lapidis
1629 1056 1732 1090 tradi-

275 1117 403 1152 tionem
423 1123 460 1152 vt
477 1117 580 1152 moris
599 1123 652 1152 est
678 1116 812 1164 prefato
830 1117 995 1164 magistro
1020 1116 1153 1153 Jacobo
1182 1116 1390 1150 Houstoune
1411 1116 1607 1150 subdecano
1630 1116 1731 1151 Glas-

275 1178 400 1224 guensi
426 1178 632 1212 deliberauit
663 1184 699 1212 et
729 1178 878 1212 eundem
909 1190 971 1224 pro
999 1190 1035 1212 se
1066 1177 1254 1212 heredibus
1285 1177 1354 1211 suis
1386 1183 1422 1211 et
1452 1177 1635 1222 assignatis
1668 1189 1731 1224 pro

274 1245 444 1286 perpetuo
462 1238 642 1273 inuestiuit
663 1259 668 1265 ·
694 1238 919 1273 Presentibus
945 1238 1073 1272 ibidem
1099 1238 1263 1284 magistro
1282 1237 1442 1273 Johanne
1471 1237 1678 1272 Houstoune
1698 1244 1733 1272 et

274 1300 413 1334 domino
430 1299 562 1335 Jacobo
582 1299 700 1334 Schaw
719 1299 907 1346 capellanis
929 1320 934 1325 ·
958 1298 1026 1332 ET
1050 1298 1160 1333 EGO
1181 1298 1360 1334 Johannes
1380 1297 1569 1332 Moresoun
1589 1298 1731 1344 presby-

274 1367 328 1396 ter
359 1360 588 1407 Glasguensis
616 1360 764 1395 diocesis
795 1359 952 1406 publicus
985 1371 1080 1394 sacra
1111 1358 1315 1393 auctoritate
1346 1357 1549 1404 Apostolica
1579 1358 1731 1392 notarius

277 1421 369 1462 Quia
391 1419 486 1467 [eta]

274 1570 342 1635 IN
372 1599 462 1634 DEI
489 1599 626 1634 nomine
647 1599 762 1634 Amen
785 1619 791 1626 ·
816 1599 883 1634 Per
900 1599 965 1634 hoc
983 1599 1158 1646 publicum
1176 1598 1442 1633 instrumentum
1461 1598 1596 1632 eunctis
1615 1603 1731 1644 pateat

274 1661 365 1707 quod
392 1673 482 1695 anno
508 1660 753 1695 incarnationis
780 1660 964 1695 Dominice
992 1659 1173 1694 millesimo
1192 1658 1472 1705 quingentesimo
1495 1658 1731 1704 trigesimooc—

273 1727 353 1756 tauo
372 1721 427 1756 die
446 1733 530 1756 vero
548 1721 668 1767 quinto
695 1721 821 1755 mensis
849 1720 935 1755 Maii
952 1729 960 1757 l
977 1721 1018 1755 In
1046 1720 1113 1755 mei
1140 1719 1265 1754 notarii
1292 1718 1419 1764 publici
1439 1725 1474 1752 et
1492 1718 1630 1752 testium
1653 1717 1730 1751 sub-

274 1782 479 1828 scriptorum
516 1781 693 1828 presentia
730 1781 961 1828 personaliter
995 1780 1204 1815 constitutus
1246 1779 1421 1813 Robertus
1458 1778 1605 1812 Favside
1641 1777 1730 1811 filius

272 1842 444 1889 quondam
460 1841 608 1876 Roberti
623 1841 770 1876 Favside
786 1841 871 1876 ciuis
887 1840 1117 1887 Glasguensis
1135 1849 1143 1876 Ι
1159 1839 1304 1874 accessit
1316 1839 1358 1872 ad
1370 1844 1480 1873 terras
1495 1837 1704 1884 subscriptas
1721 1846 1729 1873 Ι

274 1903 437 1937 videlicet
453 1911 462 1939 Ι
478 1902 520 1936 ad
539 1907 673 1949 septem
691 1903 792 1936 rodas
811 1914 887 1936 eum
906 1901 1040 1935 duobus
1058 1900 1103 1934 lie
1122 1899 1225 1933 cuttis
1244 1905 1336 1932 terre
1356 1897 1556 1944 campestris
1571 1897 1729 1943 jacentes

273 1976 377 2010 super
395 1963 601 2009 Eglissemis
621 1962 721 1997 Croft
744 1963 835 1997 inter
854 1968 964 1996 terras
994 1960 1139 1994 Roberti
1169 1958 1305 2005 Smytht
1323 1971 1367 1992 ex
1386 1957 1545 1992 orientali
1565 1963 1600 1992 et
1618 1963 1728 1991 terras

274 2023 508 2059 Bartholomei
535 2024 658 2069 Somyr
685 2035 728 2057 ex
748 2021 951 2057 occidentali
970 2026 1029 2057 let
1056 2020 1139 2053 duas
1166 2019 1210 2053 lie
1238 2018 1340 2052 cuttis
1363 2017 1520 2063 jacentes
1546 2017 1581 2051 in
1609 2017 1727 2051 eadem

273 2084 382 2119 crofta
399 2084 491 2118 inter
508 2089 619 2118 terras
646 2082 836 2129 capellanie
863 2080 978 2116 Sancti
996 2080 1117 2115 Jacobi
1137 2091 1181 2113 ex
1200 2077 1403 2112 occidentali
1424 2084 1459 2112 et
1476 2083 1587 2112 terras
1606 2078 1730 2125 magis—

273 2145 317 2179 tri
334 2144 457 2181 Jacobi
478 2144 685 2178 Houstoune
701 2155 745 2177 ex
760 2141 917 2176 orientali
933 2146 968 2174 et
982 2146 1091 2174 terras
1111 2137 1344 2173 Bartholomei
1366 2138 1488 2183 Somyr
1505 2150 1548 2172 ex
1564 2137 1703 2172 australi
1719 2146 1728 2173 Ι

274 2205 363 2240 Item
389 2204 432 2239 ad
458 2203 640 2238 dimediam
668 2202 767 2237 vuius
794 2214 872 2236 acre
900 2207 993 2235 terre
1021 2200 1193 2246 jacentem
1220 2198 1254 2232 in
1284 2197 1471 2244 Kynclaith
1499 2198 1589 2232 inter
1617 2205 1727 2233 terras

275 2264 479 2300 Archibaldi
498 2263 721 2297 Blakburnne
741 2274 785 2296 ex
804 2259 1008 2295 occidentali
1024 2265 1058 2294 et
1072 2265 1182 2294 terras
1197 2258 1279 2293 dicti
1297 2258 1451 2304 magistri
1470 2258 1591 2294 Jacobi
1614 2258 1728 2292 Hous-
