<?xml version="1.0" encoding="UTF-8"?>
<!DOCTYPE html PUBLIC "-//W3C//DTD XHTML 1.0 Transitional//EN"
    "http://www.w3.org/TR/xhtml1/DTD/xhtml1-transitional.dtd">
<html xmlns="http://www.w3.org/1999/xhtml" xml:lang="en" lang="en">
 <head>
  <title>
</title>
<meta http-equiv="Content-Type" content="text/html;charset=utf-8" />
  <meta name='ocr-system' content='tesseract 3.04.00' />
  <meta name='ocr-capabilities' content='ocr_page ocr_carea ocr_par ocr_line ocrx_word'/>
</head>
<body>
  <div class='ocr_page' id='page_1' title='image "./libercollegiinos00mait_0318.png"; bbox 0 0 1922 2764; ppageno 0'>
   <div class='ocr_carea' id='block_1_1' title="bbox 127 2153 185 2185">
    <p class='ocr_par' dir='ltr' id='par_1_1' title="bbox 127 2153 185 2185">
     <span class='ocr_line' id='line_1_1' title="bbox 127 2153 185 2185; baseline 0.017 -1"><span class='ocrx_word' id='word_1_1' title='bbox 127 2153 185 2185; x_wconf 72' lang='lat'>(51.</span> 
     </span>
    </p>
   </div>
   <div class='ocr_carea' id='block_1_2' title="bbox 221 224 1254 261">
    <p class='ocr_par' dir='ltr' id='par_1_2' title="bbox 221 224 1254 261">
     <span class='ocr_line' id='line_1_2' title="bbox 221 224 1254 261; baseline 0.002 -3"><span class='ocrx_word' id='word_1_2' title='bbox 221 227 290 258; x_wconf 71' lang='lat'>212</span> <span class='ocrx_word' id='word_1_3' title='bbox 633 224 963 260; x_wconf 90' lang='lat' dir='ltr'><strong>MUNIMENTA</strong></span> <span class='ocrx_word' id='word_1_4' title='bbox 996 225 1254 261; x_wconf 83' lang='lat' dir='ltr'>FRATRUM</span> 
     </span>
    </p>
   </div>
   <div class='ocr_carea' id='block_1_3' title="bbox 221 332 1686 1902">
    <p class='ocr_par' dir='ltr' id='par_1_3' title="bbox 221 332 1686 1902">
     <span class='ocr_line' id='line_1_3' title="bbox 221 332 1676 382; baseline 0.001 -16"><span class='ocrx_word' id='word_1_5' title='bbox 221 333 290 367; x_wconf 88' lang='lat' dir='ltr'>bris</span> <span class='ocrx_word' id='word_1_6' title='bbox 334 333 374 367; x_wconf 85' lang='lat' dir='ltr'>In</span> <span class='ocrx_word' id='word_1_7' title='bbox 394 333 461 368; x_wconf 90' lang='lat' dir='ltr'>mei</span> <span class='ocrx_word' id='word_1_8' title='bbox 479 332 601 380; x_wconf 86' lang='lat' dir='ltr'>notarij</span> <span class='ocrx_word' id='word_1_9' title='bbox 623 333 747 380; x_wconf 87' lang='lat' dir='ltr'>publicj</span> <span class='ocrx_word' id='word_1_10' title='bbox 769 340 804 368; x_wconf 91' lang='lat' dir='ltr'>et</span> <span class='ocrx_word' id='word_1_11' title='bbox 822 334 959 368; x_wconf 90' lang='lat' dir='ltr'>testium</span> <span class='ocrx_word' id='word_1_12' title='bbox 975 334 1270 381; x_wconf 85' lang='lat' dir='ltr'>infrascriptorum</span> <span class='ocrx_word' id='word_1_13' title='bbox 1290 334 1471 382; x_wconf 81' lang='lat' dir='ltr'>presencia</span> <span class='ocrx_word' id='word_1_14' title='bbox 1489 335 1676 381; x_wconf 87' lang='lat' dir='ltr'>personali-</span> 
     </span>
     <span class='ocr_line' id='line_1_4' title="bbox 221 394 1677 441; baseline 0.001 -13"><span class='ocrx_word' id='word_1_15' title='bbox 221 400 274 428; x_wconf 97' lang='lat' dir='ltr'>ter</span> <span class='ocrx_word' id='word_1_16' title='bbox 293 394 472 428; x_wconf 81' lang='lat' dir='ltr'>constituti</span> <span class='ocrx_word' id='word_1_17' title='bbox 493 415 499 421; x_wconf 90' lang='lat'><strong>·</strong></span> <span class='ocrx_word' id='word_1_18' title='bbox 522 394 692 429; x_wconf 84' lang='lat' dir='ltr'>discretus</span> <span class='ocrx_word' id='word_1_19' title='bbox 711 394 763 428; x_wconf 91' lang='lat' dir='ltr'>vir</span> <span class='ocrx_word' id='word_1_20' title='bbox 783 394 946 429; x_wconf 87' lang='lat' dir='ltr'>Michaell</span> <span class='ocrx_word' id='word_1_21' title='bbox 965 394 1141 441; x_wconf 82' lang='lat' dir='ltr'>Flemyng</span> <span class='ocrx_word' id='word_1_22' title='bbox 1169 394 1273 429; x_wconf 88' lang='lat' dir='ltr'>heres</span> <span class='ocrx_word' id='word_1_23' title='bbox 1291 395 1462 441; x_wconf 87' lang='lat' dir='ltr'>quondam</span> <span class='ocrx_word' id='word_1_24' title='bbox 1483 394 1677 429; x_wconf 81' lang='lat' dir='ltr'>Alexandri</span> 
     </span>
     <span class='ocr_line' id='line_1_5' title="bbox 221 454 1677 501; baseline 0.001 -13"><span class='ocrx_word' id='word_1_25' title='bbox 221 454 394 501; x_wconf 80' lang='lat' dir='ltr'>Flemyng</span> <span class='ocrx_word' id='word_1_26' title='bbox 424 454 509 489; x_wconf 88' lang='lat' dir='ltr'>ciuis</span> <span class='ocrx_word' id='word_1_27' title='bbox 541 455 772 501; x_wconf 82' lang='lat' dir='ltr'>Glasguensis</span> <span class='ocrx_word' id='word_1_28' title='bbox 803 461 838 489; x_wconf 88' lang='lat' dir='ltr'>et</span> <span class='ocrx_word' id='word_1_29' title='bbox 867 455 995 490; x_wconf 87' lang='lat' dir='ltr'>Joneta</span> <span class='ocrx_word' id='word_1_30' title='bbox 1028 454 1270 489; x_wconf 86' lang='lat' dir='ltr'>Hutchisoune</span> <span class='ocrx_word' id='word_1_31' title='bbox 1302 467 1363 489; x_wconf 89' lang='lat' dir='ltr'>sua</span> <span class='ocrx_word' id='word_1_32' title='bbox 1392 461 1501 489; x_wconf 86' lang='lat' dir='ltr'>mater</span> <span class='ocrx_word' id='word_1_33' title='bbox 1527 455 1677 489; x_wconf 88' lang='lat' dir='ltr'>vnanimi</span> 
     </span>
     <span class='ocr_line' id='line_1_6' title="bbox 221 515 1677 562; baseline -0.001 -13"><span class='ocrx_word' id='word_1_34' title='bbox 221 528 391 550; x_wconf 89' lang='lat' dir='ltr'>consensu</span> <span class='ocrx_word' id='word_1_35' title='bbox 409 524 417 552; x_wconf 82' lang='lat' dir='ltr'>l</span> <span class='ocrx_word' id='word_1_36' title='bbox 433 516 489 562; x_wconf 93' lang='lat' dir='ltr'>pie</span> <span class='ocrx_word' id='word_1_37' title='bbox 508 515 708 550; x_wconf 89' lang='lat' dir='ltr'>deuocionis</span> <span class='ocrx_word' id='word_1_38' title='bbox 727 515 852 549; x_wconf 85' lang='lat' dir='ltr'>affeetu</span> <span class='ocrx_word' id='word_1_39' title='bbox 868 524 876 550; x_wconf 90' lang='grc' dir='ltr'><em>Ι</em></span> <span class='ocrx_word' id='word_1_40' title='bbox 893 527 932 549; x_wconf 83' lang='lat' dir='ltr'>ac</span> <span class='ocrx_word' id='word_1_41' title='bbox 950 515 1027 549; x_wconf 89' lang='lat' dir='ltr'>zelo</span> <span class='ocrx_word' id='word_1_42' title='bbox 1052 515 1186 550; x_wconf 86' lang='lat' dir='ltr'>feruide</span> <span class='ocrx_word' id='word_1_43' title='bbox 1206 515 1357 550; x_wconf 83' lang='lat' dir='ltr'>caritatis</span> <span class='ocrx_word' id='word_1_44' title='bbox 1376 515 1468 562; x_wconf 89' lang='lat' dir='ltr'>ductj</span> <span class='ocrx_word' id='word_1_45' title='bbox 1488 515 1521 549; x_wconf 92' lang='lat' dir='ltr'>in</span> <span class='ocrx_word' id='word_1_46' title='bbox 1542 515 1677 549; x_wconf 87' lang='lat' dir='ltr'>laudem</span> 
     </span>
     <span class='ocr_line' id='line_1_7' title="bbox 222 575 1679 623; baseline 0 -13"><span class='ocrx_word' id='word_1_47' title='bbox 222 576 292 611; x_wconf 87' lang='lat' dir='ltr'>Dei</span> <span class='ocrx_word' id='word_1_48' title='bbox 312 576 571 623; x_wconf 87' lang='lat' dir='ltr'>Omnipotentis</span> <span class='ocrx_word' id='word_1_49' title='bbox 599 576 741 622; x_wconf 88' lang='lat' dir='ltr'>eiusque</span> <span class='ocrx_word' id='word_1_50' title='bbox 768 576 972 610; x_wconf 79' lang='lat' dir='ltr'>intemerate</span> <span class='ocrx_word' id='word_1_51' title='bbox 993 575 1151 622; x_wconf 79' lang='lat' dir='ltr'>Virginis</span> <span class='ocrx_word' id='word_1_52' title='bbox 1180 576 1293 611; x_wconf 87' lang='lat' dir='ltr'>Marie</span> <span class='ocrx_word' id='word_1_53' title='bbox 1314 576 1546 623; x_wconf 88' lang='lat' dir='ltr'>Omniumque</span> <span class='ocrx_word' id='word_1_54' title='bbox 1576 576 1679 610; x_wconf 89' lang='lat' dir='ltr'>Sanc·</span> 
     </span>
     <span class='ocr_line' id='line_1_8' title="bbox 222 636 1678 683; baseline -0.001 -12"><span class='ocrx_word' id='word_1_55' title='bbox 222 643 333 671; x_wconf 88' lang='lat' dir='ltr'>torum</span> <span class='ocrx_word' id='word_1_56' title='bbox 350 646 358 673; x_wconf 85' lang='lat' dir='ltr'>l</span> <span class='ocrx_word' id='word_1_57' title='bbox 375 637 419 671; x_wconf 92' lang='lat' dir='ltr'>ob</span> <span class='ocrx_word' id='word_1_58' title='bbox 437 637 548 671; x_wconf 90' lang='lat' dir='ltr'>anime</span> <span class='ocrx_word' id='word_1_59' title='bbox 568 650 628 671; x_wconf 90' lang='lat' dir='ltr'>sue</span> <span class='ocrx_word' id='word_1_60' title='bbox 648 649 783 671; x_wconf 86' lang='lat' dir='ltr'>suorum</span> <span class='ocrx_word' id='word_1_61' title='bbox 803 642 984 683; x_wconf 87' lang='lat' dir='ltr'>parentum</span> <span class='ocrx_word' id='word_1_62' title='bbox 1009 642 1045 670; x_wconf 88' lang='lat' dir='ltr'>et</span> <span class='ocrx_word' id='word_1_63' title='bbox 1075 636 1225 671; x_wconf 91' lang='lat' dir='ltr'>omnium</span> <span class='ocrx_word' id='word_1_64' title='bbox 1255 636 1408 671; x_wconf 91' lang='lat' dir='ltr'>fidelium</span> <span class='ocrx_word' id='word_1_65' title='bbox 1438 636 1678 671; x_wconf 87' lang='lat' dir='ltr'>defunctorum</span> 
     </span>
     <span class='ocr_line' id='line_1_9' title="bbox 221 690 1677 743; baseline -0.001 -11"><span class='ocrx_word' id='word_1_66' title='bbox 221 698 409 732; x_wconf 88' lang='lat' dir='ltr'>animarum</span> <span class='ocrx_word' id='word_1_67' title='bbox 428 698 572 732; x_wconf 89' lang='lat' dir='ltr'>salutem</span> <span class='ocrx_word' id='word_1_68' title='bbox 590 706 598 733; x_wconf 91' lang='grc' dir='ltr'><em>Ι</em></span> <span class='ocrx_word' id='word_1_69' title='bbox 614 710 633 732; x_wconf 90' lang='lat' dir='ltr'>a</span> <span class='ocrx_word' id='word_1_70' title='bbox 651 710 687 731; x_wconf 88' lang='lat' dir='ltr'>se</span> <span class='ocrx_word' id='word_1_71' title='bbox 707 690 845 743; x_wconf 89' lang='lat' dir='ltr'>suisque</span> <span class='ocrx_word' id='word_1_72' title='bbox 863 696 1050 731; x_wconf 77' lang='lat' dir='ltr'>heredibus</span> <span class='ocrx_word' id='word_1_73' title='bbox 1069 703 1105 731; x_wconf 88' lang='lat' dir='ltr'>et</span> <span class='ocrx_word' id='word_1_74' title='bbox 1130 697 1313 743; x_wconf 86' lang='lat' dir='ltr'>assignatis</span> <span class='ocrx_word' id='word_1_75' title='bbox 1332 703 1409 732; x_wconf 87' lang='lat' dir='ltr'>octo</span> <span class='ocrx_word' id='word_1_76' title='bbox 1428 697 1556 732; x_wconf 89' lang='lat' dir='ltr'>solidos</span> <span class='ocrx_word' id='word_1_77' title='bbox 1574 697 1677 742; x_wconf 85' lang='lat' dir='ltr'>annuj</span> 
     </span>
     <span class='ocr_line' id='line_1_10' title="bbox 222 757 1679 804; baseline -0.002 -10"><span class='ocrx_word' id='word_1_78' title='bbox 222 759 378 794; x_wconf 86' lang='lat' dir='ltr'>redditus</span> <span class='ocrx_word' id='word_1_79' title='bbox 397 759 440 794; x_wconf 92' lang='lat' dir='ltr'>de</span> <span class='ocrx_word' id='word_1_80' title='bbox 459 771 577 794; x_wconf 88' lang='lat' dir='ltr'>eorum</span> <span class='ocrx_word' id='word_1_81' title='bbox 596 763 796 793; x_wconf 83' lang='lat' dir='ltr'>tenemento</span> <span class='ocrx_word' id='word_1_82' title='bbox 815 770 891 793; x_wconf 88' lang='lat' dir='ltr'>cum</span> <span class='ocrx_word' id='word_1_83' title='bbox 917 758 1142 804; x_wconf 80' lang='lat' dir='ltr'>pertinenciis</span> <span class='ocrx_word' id='word_1_84' title='bbox 1165 758 1304 804; x_wconf 84' lang='lat' dir='ltr'>jacente</span> <span class='ocrx_word' id='word_1_85' title='bbox 1323 758 1358 792; x_wconf 91' lang='lat' dir='ltr'>in</span> <span class='ocrx_word' id='word_1_86' title='bbox 1377 758 1469 792; x_wconf 88' lang='lat' dir='ltr'>dicta</span> <span class='ocrx_word' id='word_1_87' title='bbox 1486 758 1625 792; x_wconf 88' lang='lat' dir='ltr'>ciuitate</span> <span class='ocrx_word' id='word_1_88' title='bbox 1644 757 1679 791; x_wconf 88' lang='lat' dir='ltr'>in</span> 
     </span>
     <span class='ocr_line' id='line_1_11' title="bbox 223 818 1680 865; baseline -0.002 -11"><span class='ocrx_word' id='word_1_89' title='bbox 223 820 394 854; x_wconf 86' lang='lat' dir='ltr'>communi</span> <span class='ocrx_word' id='word_1_90' title='bbox 413 819 468 854; x_wconf 87' lang='lat' dir='ltr'>via</span> <span class='ocrx_word' id='word_1_91' title='bbox 486 819 640 854; x_wconf 85' lang='lat' dir='ltr'>eiusdem</span> <span class='ocrx_word' id='word_1_92' title='bbox 668 818 836 853; x_wconf 79' lang='lat' dir='ltr'>tendente</span> <span class='ocrx_word' id='word_1_93' title='bbox 855 819 897 853; x_wconf 93' lang='lat' dir='ltr'>ab</span> <span class='ocrx_word' id='word_1_94' title='bbox 916 818 1075 853; x_wconf 84' lang='lat' dir='ltr'>Ecclesia</span> <span class='ocrx_word' id='word_1_95' title='bbox 1105 818 1377 865; x_wconf 89' lang='lat' dir='ltr'>Metropolitana</span> <span class='ocrx_word' id='word_1_96' title='bbox 1399 818 1612 865; x_wconf 83' lang='lat' dir='ltr'>Glasguensi</span> <span class='ocrx_word' id='word_1_97' title='bbox 1638 818 1680 852; x_wconf 85' lang='lat' dir='ltr'>ad</span> 
     </span>
     <span class='ocr_line' id='line_1_12' title="bbox 224 879 1681 926; baseline -0.001 -11"><span class='ocrx_word' id='word_1_98' title='bbox 224 882 372 916; x_wconf 86' lang='lat' dir='ltr'>Crucem</span> <span class='ocrx_word' id='word_1_99' title='bbox 394 880 550 915; x_wconf 87' lang='lat' dir='ltr'>Foralem</span> <span class='ocrx_word' id='word_1_100' title='bbox 570 880 724 914; x_wconf 89' lang='lat' dir='ltr'>eiusdem</span> <span class='ocrx_word' id='word_1_101' title='bbox 744 892 788 914; x_wconf 83' lang='lat' dir='ltr'>ex</span> <span class='ocrx_word' id='word_1_102' title='bbox 807 879 1012 914; x_wconf 82' lang='lat' dir='ltr'>occidentali</span> <span class='ocrx_word' id='word_1_103' title='bbox 1031 887 1128 926; x_wconf 86' lang='lat' dir='ltr'>parte</span> <span class='ocrx_word' id='word_1_104' title='bbox 1148 880 1230 915; x_wconf 87' lang='lat' dir='ltr'>dicti</span> <span class='ocrx_word' id='word_1_105' title='bbox 1250 880 1316 914; x_wconf 85' lang='lat' dir='ltr'>viei</span> <span class='ocrx_word' id='word_1_106' title='bbox 1337 879 1428 914; x_wconf 89' lang='lat' dir='ltr'>inter</span> <span class='ocrx_word' id='word_1_107' title='bbox 1446 886 1556 914; x_wconf 87' lang='lat' dir='ltr'>terras</span> <span class='ocrx_word' id='word_1_108' title='bbox 1575 879 1681 914; x_wconf 85' lang='lat' dir='ltr'>dicto-</span> 
     </span>
     <span class='ocr_line' id='line_1_13' title="bbox 223 941 1682 987; baseline -0.001 -12"><span class='ocrx_word' id='word_1_109' title='bbox 223 954 296 976; x_wconf 89' lang='lat' dir='ltr'>rum</span> <span class='ocrx_word' id='word_1_110' title='bbox 314 941 496 976; x_wconf 82' lang='lat' dir='ltr'>Michaelis</span> <span class='ocrx_word' id='word_1_111' title='bbox 512 947 547 975; x_wconf 91' lang='lat' dir='ltr'>et</span> <span class='ocrx_word' id='word_1_112' title='bbox 559 941 688 976; x_wconf 82' lang='lat' dir='ltr'>Jonete</span> <span class='ocrx_word' id='word_1_113' title='bbox 708 953 752 975; x_wconf 79' lang='lat' dir='ltr'>ex</span> <span class='ocrx_word' id='word_1_114' title='bbox 769 941 888 975; x_wconf 87' lang='lat' dir='ltr'>boriali</span> <span class='ocrx_word' id='word_1_115' title='bbox 903 947 939 975; x_wconf 84' lang='lat' dir='ltr'>et</span> <span class='ocrx_word' id='word_1_116' title='bbox 956 941 1096 975; x_wconf 82' lang='lat' dir='ltr'>australi</span> <span class='ocrx_word' id='word_1_117' title='bbox 1115 941 1269 987; x_wconf 86' lang='lat' dir='ltr'>partibus</span> <span class='ocrx_word' id='word_1_118' title='bbox 1286 949 1295 977; x_wconf 87' lang='lat' dir='ltr'>l</span> <span class='ocrx_word' id='word_1_119' title='bbox 1311 941 1345 975; x_wconf 89' lang='lat' dir='ltr'>in</span> <span class='ocrx_word' id='word_1_120' title='bbox 1364 941 1519 975; x_wconf 90' lang='lat' dir='ltr'>manibus</span> <span class='ocrx_word' id='word_1_121' title='bbox 1538 941 1682 975; x_wconf 83' lang='lat' dir='ltr'>honora-</span> 
     </span>
     <span class='ocr_line' id='line_1_14' title="bbox 224 1001 1679 1050; baseline 0 -14"><span class='ocrx_word' id='word_1_122' title='bbox 224 1003 301 1037; x_wconf 86' lang='lat' dir='ltr'>bilis</span> <span class='ocrx_word' id='word_1_123' title='bbox 328 1002 392 1036; x_wconf 76' lang='lat' dir='ltr'>viri</span> <span class='ocrx_word' id='word_1_124' title='bbox 425 1002 559 1036; x_wconf 89' lang='lat' dir='ltr'>Thome</span> <span class='ocrx_word' id='word_1_125' title='bbox 592 1001 755 1048; x_wconf 85' lang='lat' dir='ltr'>Hugonis</span> <span class='ocrx_word' id='word_1_126' title='bbox 788 1002 905 1036; x_wconf 88' lang='lat' dir='ltr'>balliui</span> <span class='ocrx_word' id='word_1_127' title='bbox 931 1002 1023 1036; x_wconf 83' lang='lat' dir='ltr'>dicte</span> <span class='ocrx_word' id='word_1_128' title='bbox 1043 1002 1192 1037; x_wconf 88' lang='lat' dir='ltr'>ciuitatis</span> <span class='ocrx_word' id='word_1_129' title='bbox 1218 1015 1282 1049; x_wconf 90' lang='lat' dir='ltr'>per</span> <span class='ocrx_word' id='word_1_130' title='bbox 1307 1002 1340 1037; x_wconf 88' lang='lat' dir='ltr'>le</span> <span class='ocrx_word' id='word_1_131' title='bbox 1367 1002 1452 1050; x_wconf 89' lang='lat' dir='ltr'>hesp</span> <span class='ocrx_word' id='word_1_132' title='bbox 1476 1009 1512 1037; x_wconf 89' lang='lat' dir='ltr'>et</span> <span class='ocrx_word' id='word_1_133' title='bbox 1538 1002 1651 1049; x_wconf 90' lang='lat' dir='ltr'>stepill</span> <span class='ocrx_word' id='word_1_134' title='bbox 1674 1023 1679 1028; x_wconf 91' lang='lat'>·</span> 
     </span>
     <span class='ocr_line' id='line_1_15' title="bbox 224 1062 1682 1110; baseline 0 -13"><span class='ocrx_word' id='word_1_135' title='bbox 224 1063 445 1110; x_wconf 77' lang='lat' dir='ltr'>resignarunt</span> <span class='ocrx_word' id='word_1_136' title='bbox 467 1083 473 1089; x_wconf 90' lang='lat'><strong>·</strong></span> <span class='ocrx_word' id='word_1_137' title='bbox 497 1063 530 1096; x_wconf 89' lang='lat' dir='ltr'>in</span> <span class='ocrx_word' id='word_1_138' title='bbox 550 1062 701 1097; x_wconf 84' lang='lat' dir='ltr'>fauorem</span> <span class='ocrx_word' id='word_1_139' title='bbox 724 1063 931 1097; x_wconf 86' lang='lat' dir='ltr'>venerabilis</span> <span class='ocrx_word' id='word_1_140' title='bbox 950 1063 1058 1110; x_wconf 88' lang='lat' dir='ltr'>patris</span> <span class='ocrx_word' id='word_1_141' title='bbox 1072 1063 1204 1098; x_wconf 84' lang='lat' dir='ltr'>Fratris</span> <span class='ocrx_word' id='word_1_142' title='bbox 1220 1063 1355 1098; x_wconf 90' lang='lat' dir='ltr'>Thome</span> <span class='ocrx_word' id='word_1_143' title='bbox 1374 1063 1533 1110; x_wconf 85' lang='lat' dir='ltr'>Symonis</span> <span class='ocrx_word' id='word_1_144' title='bbox 1554 1063 1682 1097; x_wconf 85' lang='lat' dir='ltr'>Prioris</span> 
     </span>
     <span class='ocr_line' id='line_1_16' title="bbox 226 1124 1682 1171; baseline 0 -13"><span class='ocrx_word' id='word_1_145' title='bbox 226 1125 383 1159; x_wconf 85' lang='lat' dir='ltr'>Fratrum</span> <span class='ocrx_word' id='word_1_146' title='bbox 406 1124 663 1159; x_wconf 82' lang='lat' dir='ltr'>Predicatorum</span> <span class='ocrx_word' id='word_1_147' title='bbox 682 1125 725 1159; x_wconf 87' lang='lat' dir='ltr'>de</span> <span class='ocrx_word' id='word_1_148' title='bbox 748 1124 890 1171; x_wconf 82' lang='lat' dir='ltr'>Glasgw</span> <span class='ocrx_word' id='word_1_149' title='bbox 910 1131 946 1159; x_wconf 89' lang='lat' dir='ltr'>et</span> <span class='ocrx_word' id='word_1_150' title='bbox 964 1125 1014 1171; x_wconf 90' lang='lat' dir='ltr'>suj</span> <span class='ocrx_word' id='word_1_151' title='bbox 1035 1131 1228 1160; x_wconf 84' lang='lat' dir='ltr'>conuentus</span> <span class='ocrx_word' id='word_1_152' title='bbox 1255 1130 1291 1159; x_wconf 93' lang='lat' dir='ltr'>et</span> <span class='ocrx_word' id='word_1_153' title='bbox 1308 1137 1425 1159; x_wconf 91' lang='lat' dir='ltr'>eorum</span> <span class='ocrx_word' id='word_1_154' title='bbox 1446 1137 1682 1159; x_wconf 86' lang='lat' dir='ltr'>successorum</span> 
     </span>
     <span class='ocr_line' id='line_1_17' title="bbox 226 1185 1684 1233; baseline 0.001 -14"><span class='ocrx_word' id='word_1_155' title='bbox 226 1185 383 1219; x_wconf 86' lang='lat' dir='ltr'>Fratrum</span> <span class='ocrx_word' id='word_1_156' title='bbox 414 1185 674 1219; x_wconf 84' lang='lat' dir='ltr'>Predicatorum</span> <span class='ocrx_word' id='word_1_157' title='bbox 704 1191 897 1220; x_wconf 87' lang='lat' dir='ltr'>conuentus</span> <span class='ocrx_word' id='word_1_158' title='bbox 928 1185 1158 1232; x_wconf 80' lang='lat' dir='ltr'>Glasguensis</span> <span class='ocrx_word' id='word_1_159' title='bbox 1189 1186 1247 1232; x_wconf 87' lang='lat' dir='ltr'>qui</span> <span class='ocrx_word' id='word_1_160' title='bbox 1278 1198 1340 1233; x_wconf 88' lang='lat' dir='ltr'>pro</span> <span class='ocrx_word' id='word_1_161' title='bbox 1369 1192 1524 1233; x_wconf 88' lang='lat' dir='ltr'>tempore</span> <span class='ocrx_word' id='word_1_162' title='bbox 1554 1186 1684 1220; x_wconf 88' lang='lat' dir='ltr'>fuerint</span> 
     </span>
     <span class='ocr_line' id='line_1_18' title="bbox 226 1246 1683 1294; baseline 0.002 -15"><span class='ocrx_word' id='word_1_163' title='bbox 226 1246 404 1292; x_wconf 89' lang='lat' dir='ltr'>perpetuis</span> <span class='ocrx_word' id='word_1_164' title='bbox 423 1246 545 1280; x_wconf 87' lang='lat' dir='ltr'>futuris</span> <span class='ocrx_word' id='word_1_165' title='bbox 564 1246 776 1293; x_wconf 86' lang='lat' dir='ltr'>temporibus</span> <span class='ocrx_word' id='word_1_166' title='bbox 799 1267 804 1273; x_wconf 94' lang='lat'>·</span> <span class='ocrx_word' id='word_1_167' title='bbox 830 1246 898 1280; x_wconf 83' lang='lat' dir='ltr'>Pro</span> <span class='ocrx_word' id='word_1_168' title='bbox 916 1246 1040 1293; x_wconf 90' lang='lat' dir='ltr'>quibus</span> <span class='ocrx_word' id='word_1_169' title='bbox 1058 1253 1136 1281; x_wconf 87' lang='lat' dir='ltr'>octo</span> <span class='ocrx_word' id='word_1_170' title='bbox 1155 1247 1272 1282; x_wconf 90' lang='lat' dir='ltr'>solidis</span> <span class='ocrx_word' id='word_1_171' title='bbox 1291 1247 1393 1294; x_wconf 88' lang='lat' dir='ltr'>annuj</span> <span class='ocrx_word' id='word_1_172' title='bbox 1422 1247 1578 1282; x_wconf 88' lang='lat' dir='ltr'>redditus</span> <span class='ocrx_word' id='word_1_173' title='bbox 1607 1259 1683 1294; x_wconf 89' lang='lat' dir='ltr'>pre-</span> 
     </span>
     <span class='ocr_line' id='line_1_19' title="bbox 228 1306 1683 1353; baseline 0.001 -13"><span class='ocrx_word' id='word_1_174' title='bbox 228 1307 363 1353; x_wconf 88' lang='lat' dir='ltr'>scriptis</span> <span class='ocrx_word' id='word_1_175' title='bbox 379 1315 388 1342; x_wconf 84' lang='grc' dir='ltr'><em>Ι</em></span> <span class='ocrx_word' id='word_1_176' title='bbox 405 1306 527 1352; x_wconf 79' lang='lat' dir='ltr'>prefati</span> <span class='ocrx_word' id='word_1_177' title='bbox 549 1306 688 1341; x_wconf 87' lang='lat' dir='ltr'>Fratres</span> <span class='ocrx_word' id='word_1_178' title='bbox 706 1308 894 1341; x_wconf 81' lang='lat' dir='ltr'>cantabunt</span> <span class='ocrx_word' id='word_1_179' title='bbox 912 1313 947 1342; x_wconf 88' lang='lat' dir='ltr'>et</span> <span class='ocrx_word' id='word_1_180' title='bbox 966 1307 1192 1342; x_wconf 85' lang='lat' dir='ltr'>celebrabunt</span> <span class='ocrx_word' id='word_1_181' title='bbox 1209 1308 1383 1343; x_wconf 88' lang='lat' dir='ltr'>annuatim</span> <span class='ocrx_word' id='word_1_182' title='bbox 1403 1321 1506 1342; x_wconf 84' lang='lat' dir='ltr'>vnum</span> <span class='ocrx_word' id='word_1_183' title='bbox 1525 1307 1683 1342; x_wconf 87' lang='lat' dir='ltr'>anniuer-</span> 
     </span>
     <span class='ocr_line' id='line_1_20' title="bbox 228 1368 1684 1417; baseline 0.001 -15"><span class='ocrx_word' id='word_1_184' title='bbox 228 1368 351 1402; x_wconf 86' lang='lat' dir='ltr'>sarium</span> <span class='ocrx_word' id='word_1_185' title='bbox 371 1380 445 1402; x_wconf 89' lang='lat' dir='ltr'>cum</span> <span class='ocrx_word' id='word_1_186' title='bbox 465 1368 568 1402; x_wconf 88' lang='lat' dir='ltr'>missa</span> <span class='ocrx_word' id='word_1_187' title='bbox 591 1368 633 1403; x_wconf 88' lang='lat' dir='ltr'>de</span> <span class='ocrx_word' id='word_1_188' title='bbox 664 1368 798 1414; x_wconf 71' lang='lat' dir='ltr'>Requie</span> <span class='ocrx_word' id='word_1_189' title='bbox 825 1381 888 1414; x_wconf 88' lang='lat' dir='ltr'>pro</span> <span class='ocrx_word' id='word_1_190' title='bbox 907 1369 1084 1403; x_wconf 88' lang='lat' dir='ltr'>animabus</span> <span class='ocrx_word' id='word_1_191' title='bbox 1111 1369 1313 1417; x_wconf 83' lang='lat' dir='ltr'>prescriptis</span> <span class='ocrx_word' id='word_1_192' title='bbox 1332 1370 1365 1404; x_wconf 92' lang='lat' dir='ltr'>in</span> <span class='ocrx_word' id='word_1_193' title='bbox 1394 1369 1450 1404; x_wconf 91' lang='lat' dir='ltr'>die</span> <span class='ocrx_word' id='word_1_194' title='bbox 1470 1369 1583 1404; x_wconf 90' lang='lat' dir='ltr'>obitus</span> <span class='ocrx_word' id='word_1_195' title='bbox 1602 1369 1684 1404; x_wconf 83' lang='lat' dir='ltr'>dicti</span> 
     </span>
     <span class='ocr_line' id='line_1_21' title="bbox 227 1428 1685 1476; baseline 0.001 -14"><span class='ocrx_word' id='word_1_196' title='bbox 227 1429 397 1475; x_wconf 84' lang='lat' dir='ltr'>quondam</span> <span class='ocrx_word' id='word_1_197' title='bbox 420 1428 612 1463; x_wconf 85' lang='lat' dir='ltr'>Alexandri</span> <span class='ocrx_word' id='word_1_198' title='bbox 636 1449 642 1455; x_wconf 89' lang='lat'><strong>·</strong></span> <span class='ocrx_word' id='word_1_199' title='bbox 667 1429 746 1469; x_wconf 76' lang='lat' dir='ltr'>Qua</span> <span class='ocrx_word' id='word_1_200' title='bbox 771 1429 1011 1476; x_wconf 82' lang='lat' dir='ltr'>resignacione</span> <span class='ocrx_word' id='word_1_201' title='bbox 1030 1430 1079 1464; x_wconf 85' lang='lat' dir='ltr'>sie</span> <span class='ocrx_word' id='word_1_202' title='bbox 1097 1430 1187 1465; x_wconf 82' lang='lat' dir='ltr'>facta</span> <span class='ocrx_word' id='word_1_203' title='bbox 1212 1430 1301 1465; x_wconf 89' lang='lat' dir='ltr'>idem</span> <span class='ocrx_word' id='word_1_204' title='bbox 1329 1430 1476 1464; x_wconf 85' lang='lat' dir='ltr'>balliuus</span> <span class='ocrx_word' id='word_1_205' title='bbox 1495 1430 1685 1465; x_wconf 86' lang='lat' dir='ltr'>venerabili</span> 
     </span>
     <span class='ocr_line' id='line_1_22' title="bbox 227 1488 1684 1537; baseline 0.002 -14"><span class='ocrx_word' id='word_1_206' title='bbox 227 1489 316 1535; x_wconf 85' lang='lat' dir='ltr'>patri</span> <span class='ocrx_word' id='word_1_207' title='bbox 334 1488 446 1523; x_wconf 86' lang='lat' dir='ltr'>Fratri</span> <span class='ocrx_word' id='word_1_208' title='bbox 469 1488 642 1523; x_wconf 88' lang='lat' dir='ltr'>Willelmo</span> <span class='ocrx_word' id='word_1_209' title='bbox 671 1489 749 1523; x_wconf 89' lang='lat' dir='ltr'>Dee</span> <span class='ocrx_word' id='word_1_210' title='bbox 777 1490 991 1536; x_wconf 86' lang='lat' dir='ltr'>procuratori</span> <span class='ocrx_word' id='word_1_211' title='bbox 1009 1503 1072 1537; x_wconf 91' lang='lat' dir='ltr'>pro</span> <span class='ocrx_word' id='word_1_212' title='bbox 1103 1498 1258 1537; x_wconf 87' lang='lat' dir='ltr'>tempore</span> <span class='ocrx_word' id='word_1_213' title='bbox 1289 1491 1371 1526; x_wconf 83' lang='lat' dir='ltr'>dieti</span> <span class='ocrx_word' id='word_1_214' title='bbox 1407 1491 1534 1526; x_wconf 90' lang='lat' dir='ltr'>Prioris</span> <span class='ocrx_word' id='word_1_215' title='bbox 1553 1498 1588 1526; x_wconf 89' lang='lat' dir='ltr'>et</span> <span class='ocrx_word' id='word_1_216' title='bbox 1606 1504 1684 1526; x_wconf 88' lang='lat' dir='ltr'>con-</span> 
     </span>
     <span class='ocr_line' id='line_1_23' title="bbox 229 1549 1683 1586; baseline 0.002 -3"><span class='ocrx_word' id='word_1_217' title='bbox 229 1555 353 1584; x_wconf 88' lang='lat' dir='ltr'>uentus</span> <span class='ocrx_word' id='word_1_218' title='bbox 371 1549 414 1583; x_wconf 85' lang='lat' dir='ltr'>de</span> <span class='ocrx_word' id='word_1_219' title='bbox 433 1549 625 1583; x_wconf 86' lang='lat' dir='ltr'>huiusmodi</span> <span class='ocrx_word' id='word_1_220' title='bbox 645 1562 759 1584; x_wconf 88' lang='lat' dir='ltr'>annuo</span> <span class='ocrx_word' id='word_1_221' title='bbox 778 1550 917 1584; x_wconf 87' lang='lat' dir='ltr'>redditu</span> <span class='ocrx_word' id='word_1_222' title='bbox 935 1550 1031 1585; x_wconf 89' lang='lat' dir='ltr'>dedit</span> <span class='ocrx_word' id='word_1_223' title='bbox 1050 1556 1173 1585; x_wconf 86' lang='lat' dir='ltr'>statum</span> <span class='ocrx_word' id='word_1_224' title='bbox 1194 1557 1230 1586; x_wconf 91' lang='lat' dir='ltr'>et</span> <span class='ocrx_word' id='word_1_225' title='bbox 1247 1551 1405 1585; x_wconf 85' lang='lat' dir='ltr'>saisinam</span> <span class='ocrx_word' id='word_1_226' title='bbox 1428 1551 1655 1586; x_wconf 87' lang='lat' dir='ltr'>hereditarios</span> <span class='ocrx_word' id='word_1_227' title='bbox 1679 1573 1683 1577; x_wconf 92' lang='lat'>·</span> 
     </span>
     <span class='ocr_line' id='line_1_24' title="bbox 230 1609 1684 1658; baseline 0.002 -15"><span class='ocrx_word' id='word_1_228' title='bbox 230 1610 321 1644; x_wconf 88' lang='lat' dir='ltr'>Acta</span> <span class='ocrx_word' id='word_1_229' title='bbox 331 1616 428 1644; x_wconf 79' lang='lat' dir='ltr'>erant</span> <span class='ocrx_word' id='word_1_230' title='bbox 442 1609 507 1644; x_wconf 86' lang='lat' dir='ltr'>hec</span> <span class='ocrx_word' id='word_1_231' title='bbox 521 1622 624 1656; x_wconf 87' lang='lat' dir='ltr'>super</span> <span class='ocrx_word' id='word_1_232' title='bbox 637 1610 743 1644; x_wconf 81' lang='lat' dir='ltr'>solum</span> <span class='ocrx_word' id='word_1_233' title='bbox 759 1610 842 1644; x_wconf 87' lang='lat' dir='ltr'>dicti</span> <span class='ocrx_word' id='word_1_234' title='bbox 855 1611 1045 1645; x_wconf 87' lang='lat' dir='ltr'>tenementi</span> <span class='ocrx_word' id='word_1_235' title='bbox 1060 1611 1280 1658; x_wconf 85' lang='lat' dir='ltr'>presentibus</span> <span class='ocrx_word' id='word_1_236' title='bbox 1292 1611 1419 1646; x_wconf 87' lang='lat' dir='ltr'>ibidem</span> <span class='ocrx_word' id='word_1_237' title='bbox 1432 1611 1590 1646; x_wconf 85' lang='lat' dir='ltr'>discretis</span> <span class='ocrx_word' id='word_1_238' title='bbox 1602 1612 1684 1646; x_wconf 83' lang='lat' dir='ltr'>viris</span> 
     </span>
     <span class='ocr_line' id='line_1_25' title="bbox 229 1672 1685 1720; baseline 0 -13"><span class='ocrx_word' id='word_1_239' title='bbox 229 1672 400 1719; x_wconf 83' lang='lat' dir='ltr'>magistris</span> <span class='ocrx_word' id='word_1_240' title='bbox 422 1672 594 1706; x_wconf 89' lang='lat' dir='ltr'>Willelmo</span> <span class='ocrx_word' id='word_1_241' title='bbox 614 1672 701 1706; x_wconf 81' lang='lat' dir='ltr'>Blak</span> <span class='ocrx_word' id='word_1_242' title='bbox 720 1672 847 1706; x_wconf 78' lang='lat' dir='ltr'>vicario</span> <span class='ocrx_word' id='word_1_243' title='bbox 875 1673 918 1706; x_wconf 89' lang='lat' dir='ltr'>de</span> <span class='ocrx_word' id='word_1_244' title='bbox 939 1672 1110 1719; x_wconf 87' lang='lat' dir='ltr'>Tynwald</span> <span class='ocrx_word' id='word_1_245' title='bbox 1142 1673 1278 1707; x_wconf 87' lang='lat' dir='ltr'>notario</span> <span class='ocrx_word' id='word_1_246' title='bbox 1305 1678 1361 1707; x_wconf 88' lang='lat' dir='ltr'>etc</span> <span class='ocrx_word' id='word_1_247' title='bbox 1386 1673 1420 1707; x_wconf 90' lang='lat' dir='ltr'>in</span> <span class='ocrx_word' id='word_1_248' title='bbox 1447 1673 1624 1720; x_wconf 88' lang='lat' dir='ltr'>premissis</span> <span class='ocrx_word' id='word_1_249' title='bbox 1651 1680 1685 1708; x_wconf 88' lang='lat' dir='ltr'>et</span> 
     </span>
     <span class='ocr_line' id='line_1_26' title="bbox 229 1732 1686 1780; baseline 0.001 -13"><span class='ocrx_word' id='word_1_250' title='bbox 229 1733 399 1779; x_wconf 87' lang='lat' dir='ltr'>Nicolayo</span> <span class='ocrx_word' id='word_1_251' title='bbox 416 1732 686 1780; x_wconf 84' lang='lat' dir='ltr'>Withirspwyne</span> <span class='ocrx_word' id='word_1_252' title='bbox 702 1733 835 1767; x_wconf 86' lang='lat' dir='ltr'>notario</span> <span class='ocrx_word' id='word_1_253' title='bbox 850 1733 986 1780; x_wconf 91' lang='lat' dir='ltr'>publico</span> <span class='ocrx_word' id='word_1_254' title='bbox 1013 1733 1035 1769; x_wconf 88' lang='lat' dir='ltr'>J</span> <span class='ocrx_word' id='word_1_255' title='bbox 1039 1733 1147 1768; x_wconf 90' lang='lat' dir='ltr'>acobo</span> <span class='ocrx_word' id='word_1_256' title='bbox 1166 1733 1345 1768; x_wconf 89' lang='lat' dir='ltr'>Wilsoune</span> <span class='ocrx_word' id='word_1_257' title='bbox 1371 1733 1531 1769; x_wconf 87' lang='lat' dir='ltr'>Johanne</span> <span class='ocrx_word' id='word_1_258' title='bbox 1549 1733 1686 1768; x_wconf 84' lang='lat' dir='ltr'>Walcar</span> 
     </span>
     <span class='ocr_line' id='line_1_27' title="bbox 232 1793 1686 1842; baseline 0.001 -14"><span class='ocrx_word' id='word_1_259' title='bbox 232 1793 436 1828; x_wconf 82' lang='lat' dir='ltr'>Alexandro</span> <span class='ocrx_word' id='word_1_260' title='bbox 457 1793 677 1829; x_wconf 83' lang='lat' dir='ltr'>Waltersoun</span> <span class='ocrx_word' id='word_1_261' title='bbox 706 1800 741 1828; x_wconf 90' lang='lat' dir='ltr'>et</span> <span class='ocrx_word' id='word_1_262' title='bbox 761 1793 896 1828; x_wconf 87' lang='lat' dir='ltr'>Thoma</span> <span class='ocrx_word' id='word_1_263' title='bbox 924 1794 1034 1828; x_wconf 88' lang='lat' dir='ltr'>Riche</span> <span class='ocrx_word' id='word_1_264' title='bbox 1062 1794 1294 1842; x_wconf 78' lang='lat' dir='ltr'>burgensibus</span> <span class='ocrx_word' id='word_1_265' title='bbox 1318 1794 1409 1829; x_wconf 83' lang='lat' dir='ltr'>dicte</span> <span class='ocrx_word' id='word_1_266' title='bbox 1428 1794 1577 1829; x_wconf 86' lang='lat' dir='ltr'>ciuitatis</span> <span class='ocrx_word' id='word_1_267' title='bbox 1599 1816 1604 1821; x_wconf 92' lang='lat'>·</span> <span class='ocrx_word' id='word_1_268' title='bbox 1627 1795 1686 1831; x_wconf 88' lang='lat' dir='ltr'>Jo-</span> 
     </span>
     <span class='ocr_line' id='line_1_28' title="bbox 229 1853 1684 1902; baseline 0.001 -14"><span class='ocrx_word' id='word_1_269' title='bbox 229 1854 342 1888; x_wconf 89' lang='lat' dir='ltr'>hanne</span> <span class='ocrx_word' id='word_1_270' title='bbox 363 1853 449 1888; x_wconf 85' lang='lat' dir='ltr'>Blak</span> <span class='ocrx_word' id='word_1_271' title='bbox 468 1854 594 1888; x_wconf 86' lang='lat' dir='ltr'>clerico</span> <span class='ocrx_word' id='word_1_272' title='bbox 616 1853 847 1901; x_wconf 82' lang='lat' dir='ltr'>Glasguensis</span> <span class='ocrx_word' id='word_1_273' title='bbox 866 1854 1013 1889; x_wconf 85' lang='lat' dir='ltr'>diocesis</span> <span class='ocrx_word' id='word_1_274' title='bbox 1032 1855 1159 1889; x_wconf 85' lang='lat' dir='ltr'>areium</span> <span class='ocrx_word' id='word_1_275' title='bbox 1179 1855 1344 1902; x_wconf 83' lang='lat' dir='ltr'>magistro</span> <span class='ocrx_word' id='word_1_276' title='bbox 1363 1855 1496 1890; x_wconf 88' lang='lat' dir='ltr'>notario</span> <span class='ocrx_word' id='word_1_277' title='bbox 1519 1856 1657 1902; x_wconf 89' lang='lat' dir='ltr'>publico</span> <span class='ocrx_word' id='word_1_278' title='bbox 1679 1877 1684 1882; x_wconf 88' lang='lat'>·</span> 
     </span>
    </p>
   </div>
   <div class='ocr_carea' id='block_1_4' title="bbox 235 2034 1521 2084">
    <p class='ocr_par' dir='ltr' id='par_1_4' title="bbox 235 2034 1521 2084">
     <span class='ocr_line' id='line_1_29' title="bbox 235 2034 1521 2084; baseline 0.004 -17"><span class='ocrx_word' id='word_1_279' title='bbox 235 2034 504 2068; x_wconf 84' lang='lat' dir='ltr'>Instrumentum</span> <span class='ocrx_word' id='word_1_280' title='bbox 522 2034 776 2080; x_wconf 85' lang='lat' dir='ltr'>recognicionis</span> <span class='ocrx_word' id='word_1_281' title='bbox 793 2042 962 2070; x_wconf 87' lang='lat' dir='ltr'>terrarum</span> <span class='ocrx_word' id='word_1_282' title='bbox 980 2036 1151 2082; x_wconf 88' lang='lat' dir='ltr'>quondam</span> <span class='ocrx_word' id='word_1_283' title='bbox 1171 2036 1264 2083; x_wconf 88' lang='lat' dir='ltr'>Petrj</span> <span class='ocrx_word' id='word_1_284' title='bbox 1287 2036 1493 2084; x_wconf 92' lang='lat' dir='ltr'>Colquhoun</span> <span class='ocrx_word' id='word_1_285' title='bbox 1516 2059 1521 2064; x_wconf 94' lang='lat'><em>-</em></span> 
     </span>
    </p>
   </div>
   <div class='ocr_carea' id='block_1_5' title="bbox 235 2126 1688 2330">
    <p class='ocr_par' dir='ltr' id='par_1_5' title="bbox 235 2126 1688 2330">
     <span class='ocr_line' id='line_1_30' title="bbox 235 2126 1685 2212; baseline 0.005 -21"><span class='ocrx_word' id='word_1_286' title='bbox 235 2126 292 2192; x_wconf 84' lang='grc' dir='ltr'>ΙΝ</span> <span class='ocrx_word' id='word_1_287' title='bbox 312 2157 388 2191; x_wconf 72' lang='lat' dir='ltr'>Dm</span> <span class='ocrx_word' id='word_1_288' title='bbox 408 2169 553 2192; x_wconf 79' lang='lat' dir='ltr'>N0M1NE</span> <span class='ocrx_word' id='word_1_289' title='bbox 576 2159 690 2193; x_wconf 77' lang='lat' dir='ltr'><strong>AMEN</strong></span> <span class='ocrx_word' id='word_1_290' title='bbox 738 2159 805 2194; x_wconf 88' lang='lat' dir='ltr'>Per</span> <span class='ocrx_word' id='word_1_291' title='bbox 824 2160 887 2194; x_wconf 90' lang='lat' dir='ltr'>hoc</span> <span class='ocrx_word' id='word_1_292' title='bbox 906 2160 1173 2195; x_wconf 87' lang='lat' dir='ltr'>instrumentum</span> <span class='ocrx_word' id='word_1_293' title='bbox 1192 2168 1308 2208; x_wconf 86' lang='lat' dir='ltr'>pateat</span> <span class='ocrx_word' id='word_1_294' title='bbox 1327 2163 1417 2209; x_wconf 89' lang='lat' dir='ltr'>quod</span> <span class='ocrx_word' id='word_1_295' title='bbox 1436 2175 1526 2197; x_wconf 91' lang='lat' dir='ltr'>anno</span> <span class='ocrx_word' id='word_1_296' title='bbox 1546 2163 1685 2212; x_wconf 88' lang='lat' dir='ltr'>Dominj</span> 
     </span>
     <span class='ocr_line' id='line_1_31' title="bbox 236 2217 1686 2271; baseline 0.006 -21"><span class='ocrx_word' id='word_1_297' title='bbox 236 2217 415 2252; x_wconf 88' lang='lat' dir='ltr'>millesimo</span> <span class='ocrx_word' id='word_1_298' title='bbox 427 2218 704 2264; x_wconf 83' lang='lat' dir='ltr'>quingentesimo</span> <span class='ocrx_word' id='word_1_299' title='bbox 719 2219 1000 2266; x_wconf 86' lang='lat' dir='ltr'>decimoseptimo</span> <span class='ocrx_word' id='word_1_300' title='bbox 1019 2221 1074 2256; x_wconf 89' lang='lat' dir='ltr'>die</span> <span class='ocrx_word' id='word_1_301' title='bbox 1090 2234 1174 2256; x_wconf 85' lang='lat' dir='ltr'>vero</span> <span class='ocrx_word' id='word_1_302' title='bbox 1194 2222 1346 2257; x_wconf 87' lang='lat' dir='ltr'>secundo</span> <span class='ocrx_word' id='word_1_303' title='bbox 1364 2223 1491 2258; x_wconf 86' lang='lat' dir='ltr'>mensis</span> <span class='ocrx_word' id='word_1_304' title='bbox 1506 2223 1591 2271; x_wconf 88' lang='lat' dir='ltr'>Maij</span> <span class='ocrx_word' id='word_1_305' title='bbox 1615 2246 1620 2251; x_wconf 93' lang='lat'>·</span> <span class='ocrx_word' id='word_1_306' title='bbox 1644 2225 1686 2259; x_wconf 82' lang='lat' dir='ltr'>IN</span> 
     </span>
     <span class='ocr_line' id='line_1_32' title="bbox 236 2277 1688 2330; baseline 0.006 -19"><span class='ocrx_word' id='word_1_307' title='bbox 236 2277 302 2312; x_wconf 89' lang='lat' dir='ltr'>mei</span> <span class='ocrx_word' id='word_1_308' title='bbox 322 2277 442 2323; x_wconf 86' lang='lat' dir='ltr'>notarij</span> <span class='ocrx_word' id='word_1_309' title='bbox 463 2278 590 2324; x_wconf 87' lang='lat' dir='ltr'>publici</span> <span class='ocrx_word' id='word_1_310' title='bbox 609 2285 644 2313; x_wconf 91' lang='lat' dir='ltr'>et</span> <span class='ocrx_word' id='word_1_311' title='bbox 663 2279 799 2313; x_wconf 86' lang='lat' dir='ltr'>testium</span> <span class='ocrx_word' id='word_1_312' title='bbox 827 2280 1121 2328; x_wconf 88' lang='lat' dir='ltr'>infrascriptorum</span> <span class='ocrx_word' id='word_1_313' title='bbox 1153 2283 1334 2328; x_wconf 87' lang='lat' dir='ltr'>presencia</span> <span class='ocrx_word' id='word_1_314' title='bbox 1362 2285 1591 2330; x_wconf 86' lang='lat' dir='ltr'>personaliter</span> <span class='ocrx_word' id='word_1_315' title='bbox 1610 2297 1688 2320; x_wconf 88' lang='lat' dir='ltr'>eon-</span> 
     </span>
    </p>
   </div>
  </div>
 </body>
</html>
