1922 2764
611 264 652 299 B.
682 263 729 298 V.
758 262 928 298 MARIE
957 262 1024 297 ET
1054 262 1088 297 S.
1118 263 1276 298 ANNE.
1610 268 1676 299 123

217 374 262 397 ex
288 368 386 409 parte
410 361 540 396 boreali
561 361 716 396 eiusdem
742 361 833 396 inter
860 366 1096 395 tenementum
1117 360 1199 394 dicti
1220 360 1361 395 Ricardi
1382 361 1508 395 Allane
1528 374 1572 395 ex
1591 362 1678 396 occi-

218 423 348 458 dentali
367 428 402 457 et
419 427 654 457 tenementum
683 421 801 456 Dauid
822 420 978 456 Arthure
997 433 1042 455 ex
1061 420 1221 455 orientali
1246 441 1251 447 ·
1275 420 1364 455 Item
1390 421 1573 456 tresdecim
1601 422 1679 456 soli-

218 484 280 518 dos
308 489 344 518 et
369 489 515 530 quatuor
542 483 702 517 denarios
729 482 835 517 annui
860 482 1018 517 redditus
1036 482 1080 516 de
1108 481 1206 516 totali
1234 487 1269 516 et
1294 481 1432 528 integra
1458 482 1679 517 dimedietate

217 543 420 590 posterioris
439 543 629 578 tenementi
646 551 654 579 l
671 543 842 590 quondam
859 542 1029 578 ,Iohannis
1049 542 1166 577 Nieoll
1184 547 1219 577 et
1236 554 1329 576 nuno
1345 542 1515 578 Johannis
1532 543 1626 577 Auld
1646 548 1682 578 et

220 603 423 650 Margarete
450 603 591 638 Brovne
617 603 801 650 coniugum
818 603 987 650 [jacentis
1014 602 1048 636 in
1075 602 1214 649 publiea
1239 602 1294 637 via
1321 615 1387 649 que
1415 602 1510 637 ducit
1528 615 1547 636 a
1567 602 1681 637 Cruee

220 663 333 698 Forali
350 676 457 710 vsque
478 663 615 697 Portam
634 664 834 698 Australem
849 676 893 699 ex
911 669 1009 710 parte
1025 663 1185 698 orientali
1200 663 1354 698 eiusdem
1371 671 1380 699 l
1396 663 1487 697 inter
1505 669 1682 697 tenemen-

220 730 291 759 tum
318 723 473 770 magistri
490 723 660 759 Johannis
685 724 821 770 Spreull
841 737 884 759 ex
903 724 1035 759 boreali
1054 730 1090 758 et
1108 729 1344 758 tenementum
1365 723 1536 770 quondam
1555 723 1683 757 domini

219 784 388 820 Johannis
416 783 592 830 Makgour
619 790 654 818 et
681 796 772 819 nune
800 784 983 819 Michaelis
1011 784 1202 831 Lyndesay
1229 797 1273 819 ex
1300 784 1440 819 australi
1463 804 1470 811 ·
1493 783 1581 819 Item
1609 796 1684 830 sep-

221 852 290 880 tem
310 845 437 879 solidos
453 844 557 879 annui
573 844 728 879 redditus
743 845 786 879 de
801 851 1002 880 tenemento
1016 844 1186 881 Johannis
1206 844 1325 879 Dikke
1340 845 1479 891 jacente
1494 844 1528 878 in
1547 844 1686 891 publica

221 905 277 940 via
294 918 361 952 que
380 905 475 940 ducit
492 918 511 939 a
530 904 635 939 Porta
656 904 811 939 Australi
830 905 873 939 ad
893 905 1038 940 Pontem
1065 912 1161 940 trans
1181 905 1328 940 Cludam
1348 918 1394 940 ex
1420 911 1518 952 parte
1545 905 1685 940 australi

222 966 376 1001 eiusdem
394 975 403 1001 l
419 965 511 1000 inter
537 971 776 1000 tenementum
804 965 951 1000 Roberti
981 965 1128 1000 Scherar
1154 978 1199 1000 ex
1217 965 1377 1000 orientali
1396 972 1431 1000 et
1448 971 1686 1000 tenementum

226 1026 371 1061 Roberti
387 1026 558 1060 Donoalie
573 1038 618 1060 ex
633 1025 839 1060 occidentali
853 1026 1009 1072 partibus
1031 1047 1036 1052 -
1060 1026 1149 1061 Item
1164 1026 1289 1073 viginti
1305 1026 1434 1060 solidos
1449 1026 1553 1060 annui
1572 1025 1686 1060 reddi-

223 1093 278 1121 tus
293 1087 336 1121 de
351 1092 552 1121 tenemento
568 1086 703 1121 Thome
719 1086 874 1132 Bargille
890 1092 925 1121 et
938 1086 1107 1122 ,Iohannis
1126 1086 1231 1122 Gude
1249 1085 1418 1134 [jacente]
1437 1086 1471 1121 in
1491 1087 1612 1121 eadem
1631 1087 1687 1121 via

224 1159 270 1183 ex
283 1153 381 1195 parte
395 1147 526 1181 boreali
542 1147 695 1181 eiusdem
713 1155 722 1183 l
737 1146 828 1181 inter
843 1152 1080 1182 tenementum
1097 1147 1267 1183 ,Iohannis
1284 1147 1453 1195 Oliphant
1468 1160 1512 1182 ex
1528 1147 1686 1182 occiden-

224 1208 283 1243 tali
303 1214 338 1243 et
355 1213 592 1242 tenementum
613 1207 777 1254 Hugonis
797 1207 923 1242 Beithe
943 1220 987 1242 ex
1006 1208 1164 1242 orientali
1186 1208 1342 1255 partibus
1364 1229 1370 1235 ·
1394 1209 1482 1243 Item
1501 1208 1687 1243 tresdecim

226 1269 353 1303 solidos
373 1275 408 1303 et
428 1275 574 1315 quatuor
594 1268 756 1303 denarios
778 1268 882 1303 annui
909 1268 1066 1303 redditus
1085 1269 1128 1304 de
1147 1275 1348 1304 tenemento
1367 1269 1537 1316 quondam
1555 1269 1685 1304 Johan·

225 1329 279 1363 nis
297 1329 396 1376 Gray
411 1330 549 1376 jacente
568 1329 602 1363 in
623 1329 743 1363 eadem
758 1329 814 1363 via
828 1342 871 1364 ex
890 1335 988 1376 parte
1002 1329 1131 1364 boreali
1148 1330 1302 1364 eiusdem
1321 1338 1329 1366 J
1344 1330 1435 1365 inter
1450 1335 1688 1364 tenementum

225 1390 397 1437 quondam
419 1390 565 1424 Roberti
584 1389 776 1425 Morsoune
796 1395 832 1425 et
842 1402 938 1433 ,nune
955 1390 1111 1436 magistri
1128 1390 1251 1426 Jacobi
1272 1390 1480 1425 Houstoune
1501 1390 1689 1425 subdecani

229 1450 461 1497 Glasguensis
476 1463 520 1485 ex
535 1450 740 1485 occidentali
758 1459 766 1486 l
783 1457 818 1486 et
832 1456 1013 1497 angustam
1029 1450 1200 1485 venellam
1216 1456 1251 1486 et
1265 1456 1501 1486 tenementum
1517 1451 1688 1498 quondam

228 1510 363 1545 Thome
382 1511 542 1545 Gilmour
557 1517 591 1545 et
608 1523 701 1546 nunc
718 1511 888 1547 Johannis
908 1511 1042 1558 Hegait
1060 1523 1104 1546 ex
1123 1511 1283 1546 orientali
1299 1530 1305 1536 ·
1324 1512 1359 1546 in
1378 1511 1534 1546 manibus
1552 1512 1691 1558 prouidi

227 1571 292 1606 viri
311 1571 459 1618 Georgii
478 1571 746 1618 Elphynstoune
766 1572 866 1607 vnius
885 1571 1091 1606 balliuorum
1111 1572 1202 1607 dicte
1222 1572 1371 1607 ciuitatis
1387 1581 1395 1608 l
1411 1572 1550 1607 nomine
1571 1571 1691 1607 Eccle-

228 1632 278 1667 sie
298 1632 494 1679 Collegiate
514 1633 655 1667 fundate
682 1632 771 1667 infra
797 1633 971 1667 ciuitatem
995 1633 1253 1680 Glasguensem
1279 1646 1342 1680 per
1369 1633 1498 1667 dietum
1526 1633 1690 1667 subdeca-

228 1705 309 1727 num
336 1705 399 1739 pro
416 1693 595 1740 prebenda
612 1693 789 1728 fundanda
806 1693 840 1727 in
861 1694 980 1729 eadem
1009 1706 1071 1740 per
1090 1694 1216 1728 dictum
1237 1693 1437 1740 magistrum
1457 1693 1664 1728 Nicholaum
1681 1703 1690 1731 l

228 1754 441 1788 reseruando
463 1754 576 1788 eidem
594 1754 741 1789 liberum
759 1760 996 1789 tenementum
1016 1754 1185 1789 dictorum
1204 1759 1481 1788 tenementorum
1499 1765 1688 1788 annuorum

228 1815 424 1849 reddituum
444 1827 482 1849 ac
501 1815 763 1862 dispositionem
781 1815 874 1850 dicte
894 1827 954 1850 sue
974 1814 1152 1861 prebende
1171 1814 1317 1848 durante
1337 1819 1410 1848 toto
1436 1819 1591 1859 tempore
1620 1813 1689 1847 vite

229 1875 384 1910 eiusdem
410 1884 418 1911 l
444 1875 635 1922 resignauit
661 1897 668 1903 ·
699 1876 779 1917 Qua
804 1875 1041 1922 resignatione
1060 1874 1109 1908 sio
1126 1874 1216 1908 faeta
1234 1874 1323 1908 idem
1347 1873 1492 1907 balliuus
1511 1879 1635 1907 statum
1656 1879 1691 1907 et

230 1935 389 1970 saisinam
419 1936 587 1971 dictorum
618 1942 895 1972 tenementorum
924 1942 959 1970 et
985 1947 1174 1969 annuorum
1206 1934 1403 1968 reddituum
1434 1933 1585 1968 discreto
1616 1934 1690 1968 viro

230 1996 369 2030 domino
391 1996 605 2032 Archibaldo
626 1997 782 2032 Wilsone
802 1996 980 2043 capellano
999 1995 1136 2029 nomine
1163 1994 1296 2041 prefate
1315 1993 1474 2028 Ecclesie
1495 1993 1690 2040 Collegiate

230 2056 438 2091 deliberauit
470 2078 475 2083 -
509 2057 736 2092 Presentibus
770 2057 898 2090 ibidem
929 2055 1087 2089 diseretis
1118 2054 1201 2088 viris
1232 2054 1378 2088 dominis
1408 2054 1539 2090 Jacobo
1573 2055 1691 2089 Schaw

230 2115 362 2151 Jacobo
384 2116 484 2163 Gray
506 2117 669 2152 Gilberto
699 2116 831 2151 Saidlar
857 2115 1070 2149 Archibaldo
1098 2114 1216 2149 Dikke
1244 2114 1430 2161 capellanis
1455 2114 1587 2150 Jacobo
1614 2115 1692 2150 Fle-

231 2188 340 2222 myng
366 2176 498 2211 scolare
517 2183 552 2211 et
568 2177 730 2212 Johanne
752 2175 896 2221 Martyn
925 2174 1085 2209 seriando
1107 2195 1112 2201 -
1136 2174 1204 2208 ET
1232 2174 1342 2209 EGO
1367 2174 1546 2210 ,Iohannes
1574 2175 1691 2211 More-

232 2248 316 2270 sone
334 2237 519 2284 presbyter
543 2236 774 2282 Glasguensis
793 2235 939 2270 diocesis
966 2235 1123 2281 publicus
1142 2235 1346 2270 auctoritate,
1368 2234 1571 2282 Apostoliea
1597 2242 1691 2271 nota-

233 2296 303 2331 rius
356 2296 449 2337 Quia
470 2296 565 2344 [eta]
