1922 2764
87 1092 143 1125 28.

586 233 805 269 ORDINIS
834 233 1270 268 PREDICATORUM.
1595 234 1661 273 169

196 346 324 381 effectu
342 345 377 380 in
396 345 554 380 omnibus
573 350 609 379 et
625 356 688 391 per
707 343 821 377 omnia
838 343 992 390 approbo
1010 349 1046 377 et
1064 342 1195 377 ratifico
1215 348 1251 377 et
1268 355 1330 389 pro
1349 355 1402 376 me
1422 349 1457 377 et
1475 343 1660 377 heredibus

196 407 307 451 [meis]
326 414 364 442 vt
382 406 584 454 premissum
604 411 657 440 est
676 404 957 452 [im]perpetuum
974 403 1139 438 confirmo
1161 424 1167 429 ·
1191 403 1231 437 In
1247 403 1343 438 cuius
1363 404 1413 438 rei
1428 404 1659 438 testimonium

196 469 346 515 sigillum
366 480 477 502 meum
504 466 725 514 presentibus
753 472 807 500 est
834 477 1023 512 appensum
1051 464 1142 511 apud
1163 464 1335 499 Cathkert
1363 464 1396 498 in
1424 464 1573 499 erastino
1596 465 1661 499 As-

196 529 405 576 sumpcionis
424 528 533 563 Beate
552 527 667 562 Marie
697 526 856 574 Virginis
883 538 974 561 anno
1000 525 1144 560 Domini
1172 525 1353 559 millesimo
1380 525 1661 572 quadringen[te·

196 588 296 635 simo]
318 588 604 636 quinquagesimo
627 609 632 614 ·
657 587 824 622 Testibus
845 587 1003 622 Roberto
1022 587 1065 621 de
1085 586 1309 633 Dalrumpyli
1328 586 1467 620 domino
1486 586 1528 620 de
1551 586 1662 621 Laeht

195 651 355 687 Johanne
375 651 417 685 de
435 649 608 685 Craufurd
628 649 768 683 domino
796 649 838 683 de
870 648 961 683 Kers
994 647 1156 684 ι1011811118
1176 647 1219 682 (18
1239 647 1462 694 Dalrumpyll
1491 647 1662 681 Edwardo

196 713 239 747 de
260 712 443 747 Cochrane
463 724 539 746 cum
558 710 674 746 multis
695 710 771 757 alijs

198 895 304 932 Carta
322 895 365 930 de
384 900 530 942 quatuor
549 894 671 929 marcis
690 894 726 929 'et
753 893 893 928 dimidia
911 906 973 940 per
992 892 1169 927 dominum
1189 892 1232 927 de
1262 892 1461 939 Kyimauris
1489 892 1532 927 de
1559 892 1662 927 terris

198 958 241 992 de
263 957 500 1003 Fynlaustone

200 1051 389 1120 Omnibus
417 1082 482 1116 hoc
509 1081 673 1128 scriptum
701 1081 826 1115 visuris
845 1080 902 1115 vel
932 1079 1100 1115 audituris
1131 1079 1336 1114 Alexander
1368 1079 1410 1113 de
1432 1078 1662 1125 Conyngham

197 1144 356 1179 dominus
371 1144 414 1178 de
432 1143 650 1190 Kylmawrys
681 1142 833 1177 Salutem
847 1142 881 1176 in
902 1142 1055 1176 Domino
1071 1141 1314 1188 sempiternam
1345 1141 1433 1176 Cum
1452 1153 1577 1187 magne
1596 1140 1663 1174 dis-

198 1205 367 1240 crecionis
386 1204 438 1239 vir
459 1204 582 1239 Frater
606 1204 786 1240 Johannes
813 1204 856 1238 de
879 1203 1027 1238 Govane
1057 1203 1156 1238 Prior
1175 1202 1304 1237 ordinis
1324 1202 1482 1237 Fratrum
1504 1201 1663 1236 Predica-

199 1273 312 1301 torum
330 1266 373 1300 de
396 1265 532 1311 Glasgu
551 1271 587 1299 et
606 1265 760 1299 eiusdem
780 1265 846 1299 1081
860 1270 1054 1299 conuentus
1069 1277 1131 1311 pro
1151 1276 1187 1298 se
1207 1269 1242 1298 et
1261 1263 1517 1298 successoribus
1536 1263 1605 1297 suis
1621 1263 1663 1297 ad

198 1327 442 1362 celebrandum
463 1326 600 1361 missam
629 1333 683 1361 ter
702 1326 736 1360 in
765 1326 955 1361 ebdomada
972 1334 980 1362 l
998 1325 1162 1360 videlieet
1180 1325 1235 1359 die
1256 1325 1440 1359 Dominiea
1472 1324 1598 1359 Martis
1629 1330 1665 1358 et

199 1388 456 1436 Venerislpro
483 1388 660 1423 animabus
685 1387 855 1435 quondam
884 1387 1099 1421 dominorum
1130 1386 1272 1421 Domini
1293 1386 1472 1432 Wyllelmi
1499 1386 1542 1420 de
1571 1385 1663 1420 Con-

199 1449 350 1496 yngham
370 1449 487 1484 militis
505 1449 634 1483 domini
654 1449 698 1483 de
717 1449 934 1495 Kylmawrys
949 1448 1015 1495 auij
1035 1448 1101 1482 mei
1122 1447 1292 1483 Johannis
1306 1447 1350 1482 de
1366 1447 1612 1493 Danyhelston
1629 1452 1663 1481 et

200 1510 347 1545 Roberti
366 1510 505 1546 heredis
525 1511 577 1545 sui
595 1510 740 1545 militum
761 1509 977 1544 dominorum
996 1509 1153 1544 eiusdem
1173 1515 1208 1543 et
1225 1521 1289 1555 pro
1315 1509 1428 1543 anima
1459 1508 1663 1554 Mergarete

198 1571 316 1606 vxoris
335 1572 506 1618 quondam
538 1571 621 1606 dicti
648 1571 793 1606 Domini
813 1570 991 1617 Wyllelmi
1019 1570 1062 1605 de
1096 1570 1327 1616 Conyngham
1358 1570 1427 1604 filie
1459 1576 1495 1604 et
1524 1569 1664 1604 heredis

198 1632 342 1667 Domini
362 1632 509 1667 Roberti
528 1632 693 1667 antedicti
712 1645 775 1679 pro
796 1632 906 1666 salute
933 1632 1046 1666 anime
1064 1644 1141 1666 mee
1172 1631 1339 1666 heredum
1359 1637 1395 1666 et
1425 1643 1662 1665 suceessorum

198 1705 352 1727 meorum
372 1699 407 1728 et
424 1706 488 1739 pro
506 1693 683 1728 animabus
702 1693 851 1727 omnium
871 1692 1024 1727 fidelium
1043 1693 1285 1727 defunctorum
1302 1701 1311 1729 l
1327 1704 1395 1726 vna
1409 1704 1485 1726 cum
1505 1692 1664 1726 anniuer-

200 1754 289 1788 sario
307 1755 483 1789 annuatim
501 1768 564 1801 pro
592 1755 692 1789 dictis
720 1755 882 1789 Dominis
900 1754 1061 1790 Johanne
1090 1754 1248 1788 Roberto
1268 1753 1456 1800 Wyilelmo
1475 1765 1584 1787 vxore
1604 1766 1664 1787 sua

200 1814 375 1848 antedicta
391 1827 454 1861 pro
468 1827 522 1849 me
538 1820 574 1849 et
592 1815 849 1850 successoribus
863 1815 949 1849 meis
966 1824 974 1851 Ι
991 1828 1032 1850 80
1051 1815 1106 1849 dio
1122 1827 1189 1861 quo
1204 1814 1316 1849 dictus
1335 1814 1509 1849 Dominus
1530 1814 1663 1849 Rober-

200 1881 255 1908 tus
273 1874 360 1921 obijt
376 1875 560 1911 [faciendo
582 1896 587 1902 ·
610 1876 666 1922 pie
685 1882 940 1910 consenserunt
958 1882 993 1910 et
1018 1876 1253 1922 promiserunt
1270 1875 1313 1910 ad
1339 1881 1535 1922 requestam
1554 1887 1663 1910 meam

201 1935 328 1970 intuitu
346 1935 498 1970 caritatis
517 1936 560 1970 ad
578 1936 686 1971 altare
708 1936 833 1971 Sancte
853 1936 966 1971 Marie
983 1936 1143 1983 Virginis
1161 1936 1195 1970 in
1214 1936 1336 1971 boriali
1354 1943 1452 1983 parte
1467 1936 1501 1970 in
1516 1936 1665 1971 eeclesia

200 1995 360 2031 Fratrum
380 1996 641 2031 Predicatorum
660 1996 886 2044 solempniter
904 1997 1083 2031 celebrare
1106 2018 1112 2024 ·
1138 1996 1260 2031 Sciatis
1285 2009 1338 2031 me
1366 1997 1504 2031 dedisse
1524 2009 1663 2032 conces-

200 2057 286 2092 sisse
306 2057 526 2092 confirmasse
546 2063 582 2092 et
599 2057 664 2092 hoc
682 2058 839 2104 presenti
857 2058 986 2105 scripto
1003 2070 1081 2092 meo
1099 2058 1191 2092 dono
1210 2058 1363 2093 concedo
1381 2058 1512 2105 pariter
1530 2064 1566 2092 et
1583 2070 1663 2093 con-

200 2118 298 2153 firmo
320 2139 326 2145 ·
349 2118 431 2154 Deo
450 2118 559 2154 Beate
579 2118 693 2154 Mai-ie
709 2119 851 2165 Virgini
867 2119 1038 2154 Omnibus
1056 2119 1190 2154 Sanctis
1209 2131 1248 2153 ae
1267 2119 1446 2154 Fratribus
1467 2119 1663 2154 Predieato-

199 2179 295 2214 ribus
313 2179 357 2214 de
387 2179 525 2226 Glasgu
559 2179 640 2214 Deo
671 2179 905 2214 seruientibus
936 2186 972 2214 et
1000 2180 1254 2227 imperpetuum
1285 2180 1466 2215 seruituris
1488 2201 1494 2208 ·
1517 2187 1663 2228 quatuor

201 2252 331 2276 mareas
349 2253 426 2275 cum
446 2240 586 2275 dimidia
612 2253 727 2276 marca
752 2241 843 2276 bone
870 2246 906 2276 et
923 2241 1051 2276 vsualis
1079 2247 1217 2276 monete
1238 2241 1358 2276 Seocie
1377 2242 1412 2276 in
1439 2248 1662 2289 augmentum

201 2301 467 2337 sustentaeionis
486 2301 646 2336 Fratrum
662 2302 853 2337 eorundem
868 2302 911 2337 de
930 2301 1033 2337 terris
1048 2301 1133 2337 meis
1148 2302 1191 2337 de
1206 2302 1451 2349 Fynlawstone
1467 2303 1662 2349 jacentibus

920 2373 939 2393 Y
