1922 2764
623 282 663 316 B.
694 282 740 317 V.
769 281 938 317 MARIE
967 282 1034 317 ET
1063 283 1097 318 S.
1126 283 1285 318 ANNE.
1639 291 1684 327 57

226 369 700 415 REUERENDISSIME
728 386 826 427 pater
843 389 851 416 l
868 386 903 414 et
930 380 957 414 si
985 380 1067 426 quid
1088 380 1193 414 fuerit
1219 380 1275 415 hic
1301 381 1496 428 impositum
1516 384 1605 429 quod
1626 384 1684 418 im-

224 440 305 486 poni
324 440 462 475 minime
482 441 628 475 deberet
645 447 703 475 aut
721 440 883 475 omissum
901 440 994 487 quod
1020 453 1165 475 necesse
1186 441 1253 475 erit
1270 442 1398 488 imponi
1453 444 1685 490 Supplicando

224 506 454 546 protestamur
473 507 644 548 quatenus
662 513 708 535 ex
726 507 845 535 vestro
874 501 1028 547 benigno
1056 501 1167 536 officio
1195 502 1359 548 pastorali
1386 503 1471 537 illud
1499 505 1684 539 emendare

223 560 408 595 extrahere
434 560 599 607 colligere
627 561 804 608 imponere
832 568 867 596 et
893 561 1117 608 interpretari
1146 562 1203 596 Ac
1232 562 1334 597 etiam
1362 569 1400 597 vt
1427 564 1508 598 dicti
1534 564 1685 612 Collegii

221 620 459 656 fundationem
488 622 522 656 in
554 622 788 656 mansionibus
817 622 1019 656 communiis
1045 622 1346 657 distributionibus
1377 624 1685 670 prebendariorum

224 682 461 716 officiariorum
479 688 514 716 et
529 695 713 729 puerorum
734 695 877 717 numero
896 683 1049 730 ampliari
1069 683 1197 718 addere
1217 689 1252 717 et
1270 683 1498 730 multiplicare
1517 685 1685 730 possimus

224 742 345 777 saltem
364 743 406 777 ad
428 755 608 777 numerum
628 748 882 790 competentem
911 750 1014 790 prout
1032 750 1149 778 vestre
1167 744 1460 778 reuerendissime
1488 746 1686 791 paternitati

223 803 391 850 expedire
410 803 584 838 videbitur
606 824 611 830 ·
637 803 801 838 Vestram
818 804 925 850 igitur
943 804 1268 839 reuerendissimam
1294 805 1539 851 paternitatem
1566 805 1686 839 humil-

222 863 302 898 lime
316 876 478 910 rogamus
492 870 662 910 quatenus
681 864 849 910 premissa
864 877 940 899 cum
955 865 1181 899 consensibus
1200 864 1366 911 predictis
1383 874 1390 901 l
1407 865 1572 900 videlicet
1588 874 1596 901 l
1612 866 1686 899 fun-

223 924 398 958 dationem
422 924 634 959 erectionem
661 924 866 959 diuisionem
886 925 1047 960 vnionem
1074 925 1388 972 incorporationem
1407 926 1685 961 distributionem

224 990 351 1018 statuta
369 990 404 1019 et
421 984 560 1031 regulas
579 984 790 1031 prefatorum
808 985 1117 1032 prebendariorum
1140 994 1149 1021 Ι
1170 985 1429 1020 fundationibus
1448 999 1469 1033 p
1476 1013 1564 1022 ......
1570 987 1598 1021 is
1617 1000 1685 1022 non

224 1045 440 1080 obstantibus
463 1053 471 1081 Ι
494 1045 528 1079 in
549 1045 706 1079 omnibus
725 1045 795 1079 suis
814 1046 1069 1080 conditionibus
1089 1046 1225 1092 punctis
1244 1052 1280 1081 et
1298 1046 1450 1081 articulis
1469 1047 1511 1081 ad
1530 1047 1634 1082 finem
1653 1055 1688 1082 et

226 1106 387 1140 effectum
405 1106 600 1140 huiusmodi
618 1106 773 1140 debitum
791 1106 1007 1153 perducendi
1026 1107 1230 1142 confirmare
1249 1107 1430 1142 ratifficare
1446 1113 1482 1142 et
1495 1109 1688 1155 approbare

225 1167 353 1201 addere
368 1167 546 1213 corrigere
561 1179 623 1202 seu
637 1166 720 1201 alias
733 1167 918 1201 emendare
933 1179 978 1202 ex
992 1174 1109 1202 vestro
1123 1167 1287 1214 pastorali
1301 1168 1411 1202 officio
1424 1168 1509 1202 velit
1522 1181 1686 1203 reueren-

224 1227 364 1262 dissima
381 1227 570 1274 paternitas
589 1234 706 1262 vestra
724 1234 911 1262 memorata
927 1236 936 1264 l
952 1241 1052 1274 quam
1071 1228 1105 1262 in
1124 1228 1301 1276 prosperis
1320 1234 1355 1263 et
1369 1228 1459 1263 votis
1477 1229 1520 1262 ad
1539 1228 1686 1263 ecclesie

225 1301 285 1323 sue
300 1288 385 1323 felix
400 1288 556 1334 regimen
571 1295 607 1322 et
621 1288 803 1334 pastoralis
815 1288 916 1323 officii
932 1289 1097 1323 honorem
1111 1296 1297 1324 conseruet
1309 1289 1331 1325 J
1334 1289 1438 1323 hesus
1452 1288 1612 1324 Christus
1627 1302 1688 1324 sua

225 1349 430 1384 Beatissima
448 1361 584 1396 semper
603 1348 754 1396 Virgine
775 1349 888 1383 Maria
904 1355 1013 1384 matre
1032 1349 1290 1384 interueniente
1313 1370 1318 1375 -
1342 1349 1398 1383 IN
1417 1362 1563 1396 quorum
1581 1350 1688 1384 omni-

224 1423 281 1445 um
299 1416 335 1445 et
353 1410 567 1457 singulorum
585 1410 688 1444 fidem
708 1416 743 1445 et
761 1410 995 1445 testimonium
1014 1410 1258 1457 premissorum
1283 1410 1505 1456 presentibus
1530 1411 1686 1445 manibus

224 1471 351 1505 nostris
379 1470 581 1517 subscriptis
608 1470 758 1517 sigillum
777 1483 956 1505 commune
976 1470 1059 1505 dicti
1078 1470 1286 1505 Monasterii
1305 1471 1348 1505 de
1377 1470 1629 1518 Kylwynnyng
1646 1485 1686 1506 ac

225 1531 339 1577 sigilla
355 1543 527 1565 armorum
553 1531 619 1565 mei
637 1530 760 1567 Jacobi
777 1530 971 1566 fundatoris
990 1537 1026 1566 et
1043 1531 1198 1577 magistri
1219 1530 1427 1566 Christofori
1446 1531 1564 1565 vicarii
1591 1538 1685 1567 ante-

225 1592 307 1627 dicti
327 1598 406 1626 sunt
424 1604 576 1639 appensa
592 1599 600 1627 l
618 1591 725 1638 Apud
743 1591 872 1626 dictum
900 1591 1154 1626 Monasterium
1173 1598 1208 1626 et
1229 1591 1405 1626 ciuitatem
1427 1591 1684 1638 Glasguensem

224 1653 419 1700 respectiue
437 1661 445 1689 Ι
461 1652 583 1686 diebus
1264 1653 1392 1687 mensis

224 1727 314 1749 anno
328 1713 472 1749 Domini
486 1713 667 1748 millesimo
682 1713 960 1761 quingentesimo
976 1713 1175 1760 Trigesimo
1318 1713 1444 1748 Coram
1458 1713 1523 1747 hiis
1538 1714 1683 1748 testibus

221 1864 375 1930 POST
404 1893 850 1935 QUARUMQUIDEM
870 1894 1061 1928 litterarum
1090 1893 1360 1939 preinsertarum
1387 1892 1681 1938 presentationem

221 1962 257 1990 et
274 1953 548 2002 re[eep]tionem
566 1955 664 1989 nobis
689 1962 724 1990 et
750 1968 813 2002 per
840 1967 902 1988 nos
920 1960 958 1988 vt
982 1953 1192 2000 premittitur
1210 1952 1317 1986 factas
1335 1961 1343 1987 l
1360 1952 1484 1986 fuimus
1502 1965 1564 1998 pro
1583 1959 1681 1999 parte

221 2015 354 2050 abbatis
373 2022 408 2050 et
426 2021 619 2050 conuentus
637 2028 676 2050 ac
695 2015 936 2062 magistrorum
953 2014 1076 2050 Jacobi
1095 2012 1282 2047 subdecani
1300 2012 1492 2046 fundatoris
1512 2020 1547 2047 et
1562 2012 1680 2048 Chris-

220 2076 323 2110 tofori
353 2075 471 2111 vicarii
501 2076 661 2123 perpetui
691 2075 926 2122 predictorum
956 2074 1131 2108 humiliter
1163 2073 1345 2120 supplicati
1372 2079 1541 2119 quatenus
1572 2073 1679 2120 ipsius

224 2136 375 2183 Collegii
391 2137 628 2171 fundationem
648 2136 860 2170 dotationem
875 2135 1126 2170 ordinationem
1146 2133 1407 2180 dispositionem
1425 2133 1630 2168 diuisionem
1645 2141 1680 2170 et

221 2197 498 2232 distributionem
514 2197 561 2231 sic
576 2203 613 2231 vt
626 2196 836 2243 premittitur
850 2195 956 2230 factas
973 2204 982 2231 Ι
999 2195 1189 2242 approbare
1205 2194 1386 2229 ratifficare
1401 2201 1437 2229 et
1451 2195 1652 2229 confirmare
1669 2204 1678 2232 l

219 2269 355 2292 necnon
375 2256 566 2291 Ecclesiam
594 2256 707 2290 Marie
735 2261 770 2290 et
795 2255 900 2290 Anne
926 2255 1111 2289 Beatarum
1138 2255 1220 2289 alias
1239 2255 1431 2289 dedicatam
1449 2254 1484 2289 in
1505 2254 1677 2301 Collegia—

222 2324 290 2352 tam
316 2317 510 2352 Ecclesiam
536 2316 719 2351 sublimare
747 2328 785 2350 ac
805 2315 1054 2362 Collegialibus
1081 2315 1269 2350 honoribus
1288 2315 1513 2362 dignitatibus
1540 2321 1575 2350 et
1600 2328 1678 2362 pre-

937 2385 959 2404 H
