1922 2764
210 244 280 278 No,
302 244 387 290 ΙΙΙ.]
745 243 851 279 THE
880 243 1127 280 PREFACE.
1567 249 1665 283 lxxxi

207 341 362 370 eorundem
383 341 567 378 Requirendo
577 345 606 369 et
616 341 772 369 ordinando
782 341 869 369 etiam
881 341 1009 369 dominos
1019 341 1150 370 sessionis
1163 347 1258 371 nostre
1268 347 1408 381 quatenus
1419 344 1517 373 literas
1528 346 1557 373 iu
1572 347 1664 373 onmi-

206 405 258 432 bus
270 408 393 442 quatuor
406 404 505 432 formis
520 404 556 432 ad
571 404 739 432 instantiam
750 403 893 432 dictorum
908 403 1043 441 prepositi
1058 403 1231 432 balliuorum
1244 405 1392 433 consulum
1407 406 1622 434 communitatis
1637 412 1665 435 et

205 466 331 504 ipsorum
343 475 537 495 successorum
551 466 587 494 ad
602 466 736 494 effectum
746 466 971 503 suprascriptum
986 465 1112 503 dirigant
1124 466 1244 494 Necnon
1258 466 1440 503 precipiendo
1450 468 1664 505 quibuscunque

205 529 447 557 intromissoribus
457 538 523 557 cum
533 529 618 557 dictis
632 529 774 557 fructibus
785 533 926 565 quatenus
940 528 1009 565 ipsis
1023 527 1058 556 de
1073 527 1181 556 eisdem
1196 532 1325 565 prompte
1340 528 1491 557 intendant
1504 535 1623 566 pareant
1637 536 1665 558 et

204 596 317 628 gratam
331 591 505 619 solucionem
520 591 628 619 faciant
658 591 691 618 IN
707 599 789 619 cums
810 591 852 619 rei
873 590 1071 619 testimonium
1092 590 1159 618 huic
1180 590 1305 628 presenti
1320 595 1397 618 carte
1412 596 1506 619 nostre
1527 601 1664 628 magnum

205 653 332 690 sigillum
355 658 485 682 nostrum
511 653 614 690 apponi
640 653 819 691 precepimus
855 653 999 681 Tnsmns
1027 653 1267 681 reuerendissimo
1291 653 1320 680 in
1345 654 1409 690 Xpo
1429 658 1508 690 patre
1533 655 1663 683 Johanne

204 717 417 754 archiepiscopo
435 716 642 745 Sanctiandree
662 721 715 745 etc.
731 716 843 744 dilectis
863 716 968 744 nostris
989 715 1205 753 consanguineis
1221 715 1344 752 Georgio
1365 715 1469 743 comite
1491 716 1525 743 ‹le
1543 717 1662 744 Huntlie

203 778 319 807 domino
332 779 469 807 Gordoun
480 784 509 807 et
522 779 695 816 Badyenach
705 779 875 807 cancellario
889 783 985 807 nostro
1013 779 1120 806 Jacobo
1134 778 1238 806 comite
1255 777 1391 806 Bothuile
1407 777 1521 806 domino
1538 778 1620 806 Halis
1635 784 1663 806 et

206 841 371 869 Liddisdale
386 841 467 878 regni
481 841 570 869 nostri
584 850 688 878 magno
703 841 854 870 admirallo
882 841 995 870 dilectis
1009 840 1112 869 nostris
1126 840 1317 869 familiaribus
1331 840 1501 868 consiliariis
1518 841 1663 869 Richardo

206 904 349 932 Maitland
370 904 404 932 de
428 904 623 941 Lethingtoun
644 904 733 933 nostri
755 905 857 933 secreti
871 904 958 941 sigilli
972 904 1089 932 custode
1118 904 1224 932 Jacobo
1241 903 1376 931 Balfoure
1398 903 1432 931 (le
1463 903 1661 932 Pettindroicli

201 970 363 994 nostrorum
374 966 532 994 rotulorum
542 966 655 1004 registri
667 976 700 994 ac
711 966 820 995 consilii
837 966 941 995 clerico
967 970 997 994 ct
1008 966 1026 994 J
1028 967 1138 994 ohanne
1155 965 1328 994 Bellendenc
1343 965 1378 993 de
1387 966 1556 993 Auchnoule
1566 971 1661 995 nostre

202 1028 358 1057 iusticiarie
380 1029 484 1057 clerico
499 1029 642 1066 equitibus
656 1029 765 1057 auratis
793 1029 879 1067 Apud
895 1029 1065 1065 Ediuburgh
1079 1028 1271 1057 decimosexto
1286 1028 1332 1057 die
1346 1029 1452 1057 mensis
1469 1029 1573 1057 Marcii
1587 1038 1660 1058 ann.)

205 1089 318 1118 Domini
333 1090 485 1119 millesimo
499 1091 727 1128 quingentesimo
741 1092 995 1129 sexagesimosexto
1025 1092 1065 1119 Et
1078 1091 1159 1129 regni
1174 1092 1262 1120 nostri
1277 1091 1514 1129 vicesimoquinto
1529 1106 1534 1110 —
