1922 2764
665 254 706 290 Β.
736 255 782 290 V.
811 255 979 291 MARIE
1008 257 1076 292 ET
1105 258 1139 293 S.
1169 258 1326 295 ANNE.
1662 268 1727 303 1⁵27

268 363 330 386 nar
359 351 535 386 willelmo
565 352 661 387 Scott
687 359 723 387 et
742 352 939 388 Cuthberto
968 354 1085 401 Brady
1110 356 1270 390 seriando
1293 377 1298 383 ·
1323 357 1389 391 ET
1416 358 1525 394 EGO
1551 360 1729 396 Johannes

270 411 450 447 Crawfurd
482 412 628 448 clericus
658 413 890 460 Glasguensis
921 414 1068 450 diocesis
1100 416 1257 462 publicus
1289 419 1492 453 auctoritate
1527 420 1729 467 Apostolica

267 472 421 507 notarius
475 473 567 513 Quia
589 472 684 520 [eta]

268 652 389 687 Tenor
407 652 628 688 instrumenti
647 655 837 690 octodecim
858 656 1044 691 solidorum
1064 658 1168 692 annui
1187 658 1344 693 redditus
1364 658 1407 693 de
1426 666 1626 695 tenemento
1654 674 1729 708 pre-

267 713 395 760 scripto

268 803 338 868 IN
360 833 451 868 DEI
476 834 613 868 nomine
633 834 748 869 Amen
772 856 778 861 ·
804 836 870 871 Per
888 837 953 872 hoc
967 850 1111 884 presens
1126 838 1299 885 publicum
1314 839 1581 874 instrumentum
1597 842 1729 875 cunctis

266 900 384 941 pateat
402 894 493 941 quod
513 907 603 929 anno
622 894 868 931 incarnationis
887 897 1072 933 Dominice
1091 898 1272 933 millesimo
1287 899 1566 946 quingentesimo
1586 902 1728 947 quadra-

267 954 512 1001 gesimotercio
530 955 586 990 die
605 967 689 990 vero
707 957 835 991 mensis
853 957 938 993 Julii
958 958 1194 994 decimosexto
1212 968 1220 995 Ι
1237 960 1278 993 In
1305 960 1372 995 mei
1399 961 1522 995 notarii
1543 962 1671 1007 publici
1694 970 1729 996 et

267 1015 407 1050 testium
426 1015 696 1062 subscriptorum
720 1017 897 1063 presentia
924 1019 1153 1065 personaliter
1171 1027 1395 1055 accesserunt
1411 1021 1591 1057 Johannes
1611 1022 1728 1069 Brady

267 1081 384 1110 textor
402 1075 586 1122 burgensis
605 1076 649 1111 de
669 1076 912 1123 Rutherglene
930 1087 938 1114 l
956 1078 1104 1114 Isabella
1123 1080 1265 1115 Oswald
1284 1081 1357 1115 eius
1377 1094 1502 1128 sponsa
1518 1091 1527 1118 l
1544 1089 1579 1117 et
1598 1082 1729 1118 Macol-

267 1149 342 1171 mus
355 1136 473 1183 Brady
485 1149 604 1171 eorum
617 1136 705 1171 filius
718 1143 754 1172 et
764 1137 867 1172 heres
884 1147 892 1174 l
909 1139 950 1172 ad
963 1145 1197 1175 tenementum
1215 1141 1444 1188 prescriptum
1456 1142 1576 1188 jacens
1589 1143 1622 1176 in
1636 1143 1728 1177 dieto

267 1198 378 1244 burgo
397 1198 431 1232 in
452 1197 542 1233 Vico
562 1198 719 1233 Australi
738 1198 893 1233 eiusdem
912 1218 918 1223 ·
934 1205 970 1234 et
987 1200 1112 1235 ibidem
1133 1201 1282 1235 vnanimi
1303 1214 1475 1236 consensu
1494 1203 1580 1237 duos
1599 1203 1727 1238 solidos

267 1258 371 1293 annui
397 1258 554 1293 redditus
581 1258 720 1293 leuandi
747 1259 790 1294 de
818 1259 910 1294 dicto
937 1266 1136 1295 tenemento
1154 1270 1162 1298 s
1178 1274 1323 1296 vnaeum
1352 1262 1527 1297 sexdecim
1555 1263 1673 1298 solidis
1693 1271 1728 1298 et

267 1325 405 1354 centum
423 1319 507 1366 piris
525 1319 570 1354 lie
591 1319 670 1354 Rob
690 1319 832 1366 Hyndis
851 1321 1057 1367 nuncupatis
1076 1322 1170 1368 prius
1189 1322 1232 1357 de
1248 1322 1340 1356 dicto
1354 1328 1555 1358 tenemento
1575 1323 1700 1358 debitis
1718 1333 1726 1359 Ι

267 1379 301 1414 in
328 1379 485 1414 manibus
511 1380 610 1426 probi
636 1380 702 1415 viri
731 1380 901 1416 johannis
930 1381 998 1415 Bar
1025 1382 1166 1416 alterius
1197 1382 1402 1417 balliuorum
1429 1383 1511 1418 dicti
1537 1384 1638 1429 burgi
1661 1393 1670 1420 Ι
1692 1384 1725 1418 in

266 1440 419 1476 fauorem
432 1440 572 1476 discreti
585 1441 649 1475 viri
661 1441 815 1488 magistri
829 1441 989 1476 Nicholai
1004 1442 1264 1489 Withirspovne
1274 1443 1392 1477 vicarii
1402 1443 1444 1478 de
1461 1444 1699 1479 Straithavane
1718 1453 1726 1481 l

267 1501 490 1547 resignarunt
505 1510 514 1537 Ι
529 1514 592 1548 pro
614 1501 759 1548 quadam
786 1502 934 1548 pecunie
954 1515 1083 1537 summa
1101 1503 1231 1538 eisdem
1259 1504 1436 1550 persoluta
1458 1522 1464 1528 ·
1489 1504 1608 1544 Quare
1636 1505 1725 1539 idem

267 1562 414 1597 balliuus
429 1568 553 1597 statum
569 1568 604 1596 et
618 1562 777 1597 saisinam
791 1562 1021 1597 hereditarios
1036 1563 1118 1597 dicti
1133 1563 1237 1597 annui
1252 1563 1408 1598 redditus
1425 1573 1434 1600 Ι
1451 1564 1673 1598 extendentis
1692 1564 1725 1598 in

266 1630 340 1658 toto
352 1623 394 1658 ad
407 1623 596 1658 octodecim
611 1623 739 1657 solidos
752 1630 788 1658 et
800 1629 937 1658 eentum
950 1623 1025 1670 pira
1039 1623 1083 1658 lie
1099 1623 1176 1657 Rob
1193 1624 1334 1670 Hyndis
1351 1633 1359 1659 l
1375 1636 1437 1670 per
1452 1630 1544 1658 terre
1558 1630 1593 1658 et
1604 1624 1725 1671 lapidis

266 1696 305 1718 ac
317 1684 361 1718 lie
374 1683 460 1730 hesp
472 1689 508 1718 et
519 1683 632 1730 stapill
648 1696 686 1718 ac
700 1684 833 1718 denarii
848 1684 882 1718 in
898 1696 999 1718 manu
1015 1684 1267 1731 impositionem
1285 1693 1294 1720 l
1310 1684 1401 1719 dicto
1416 1685 1580 1731 magistro
1598 1684 1724 1718 Nicho-

266 1745 320 1780 lao
333 1744 462 1779 ibidem
479 1757 542 1792 pro
561 1757 597 1780 se
615 1744 803 1780 heredibus
822 1745 892 1779 suis
907 1751 942 1780 et
956 1745 1140 1791 assignatis
1158 1745 1329 1791 legittime
1348 1745 1540 1791 acceptanti
1555 1744 1722 1778 delibera-

267 1806 317 1840 uit
335 1824 341 1830 -
359 1805 496 1846 Quibus
515 1811 605 1840 statu
624 1812 659 1840 et
677 1805 803 1840 saisina
821 1805 869 1840 sic
884 1805 971 1840 datis
990 1806 1143 1852 prefatus
1162 1805 1326 1851 magister
1346 1804 1535 1838 Nieholaus
1553 1804 1721 1850 prefatum

266 1878 416 1900 annuum
435 1866 606 1901 redditum
625 1866 659 1900 in
675 1867 832 1901 manibus
847 1866 930 1901 dicti
945 1865 1062 1900 balliui
1077 1865 1215 1899 nomine
1235 1864 1381 1899 ecclesie
1400 1864 1591 1909 resignauit
1613 1884 1618 1890 ·
1644 1864 1723 1905 Qua

268 1925 534 1973 [resignatione]
553 1927 601 1962 sic
615 1927 704 1962 facta
717 1927 808 1962 idem
822 1927 970 1961 balliuus
989 1931 1112 1960 statum
1129 1931 1163 1959 et
1178 1924 1335 1958 saisinam
1350 1923 1432 1958 dicti
1446 1923 1550 1958 annui
1564 1924 1720 1959 redditus

264 1986 356 2021 dicto
369 1986 535 2033 magistro
554 1986 725 2022 Nicholao
743 1987 881 2021 nomine
900 1986 1046 2021 ecclesie
1065 1984 1257 2031 acceptanti
1276 1983 1482 2018 deliberauit
1498 1993 1507 2019 l
1524 1984 1720 2019 Reseruan-

264 2047 308 2081 do
327 2047 391 2081 sibi
410 2047 574 2094 magistro
595 2047 765 2082 Nicholao
783 2059 879 2081 vsum
898 2046 1069 2080 fructuum
1096 2045 1240 2079 liberum
1264 2051 1500 2078 tenementum
1519 2057 1558 2079 ac
1576 2044 1719 2091 disposi-

262 2107 391 2143 tionem
418 2107 574 2143 eiusdem
600 2107 842 2154 quoaduixerit
868 2105 1102 2140 tantummodo
1125 2104 1380 2145 -,Present'1bus
1411 2104 1538 2139 ibidem
1564 2104 1719 2139 honestis

263 2168 346 2203 viris
365 2168 541 2203 Willelmo
558 2168 745 2204 Jamesone
766 2166 941 2213 Stephano
961 2165 1078 2211 Brady
1101 2164 1239 2211 juniore
1262 2164 1490 2209 burgensibus
1509 2165 1591 2199 dicti
1618 2165 1719 2212 burgi

263 2235 298 2263 et
314 2228 528 2263 Archibaldo
542 2228 742 2274 Fleggeour
765 2248 770 2253 -
794 2226 862 2261 ET
883 2225 992 2261 EGO
1011 2225 1033 2261 J
1036 2225 1189 2259 ohannes
1206 2224 1385 2259 Crawfurd
1401 2224 1548 2259 clericus
1567 2224 1718 2272 Glasguu

262 2289 355 2324 ensis
374 2289 521 2324 diocesis
538 2288 697 2335 publicus
716 2299 812 2322 sacra
830 2286 1033 2321 auctoritate
1055 2285 1256 2332 Apostolica
1275 2285 1428 2320 notarius
1482 2285 1574 2326 Quia
1595 2284 1690 2332 [ela]
