1922 2764
614 241 654 275 B.
684 241 731 276 V.
760 240 929 275 MARIE
958 240 1025 275 ET
1054 240 1088 275 S.
1119 240 1278 274 ANNE.
1631 243 1677 273 45

214 343 388 378 amittenti
408 355 528 378 vocem
546 342 715 390 puerilem
770 342 817 376 Et
835 341 863 375 si
882 354 949 375 non
969 346 1023 375 est
1041 340 1162 387 aliquis
1185 340 1353 374 dictorum
1372 339 1473 373 trium
1492 352 1677 385 puerorum

215 405 378 439 amittens
406 416 525 438 vocem
552 403 721 450 puerilem
748 402 998 436 distribuantur
1024 400 1220 435 huiusmodi
1243 400 1377 434 fructus
1403 400 1444 434 ad
1473 400 1678 434 vestimenta

215 465 372 499 altarium
393 464 540 499 emenda
582 463 630 498 Et
646 463 712 497 hoc
729 476 792 510 per
812 462 1029 509 Prepositum
1046 468 1082 496 et
1099 462 1133 495 in
1154 462 1227 496 eius
1246 460 1401 495 absentia
1420 473 1481 506 per
1500 460 1676 506 presiden-

216 532 286 560 tem
305 525 396 560 dicte
418 524 615 571 Collegiate
635 523 793 558 Ecclesie
813 536 875 571 pro
894 530 1049 570 tempore
1068 531 1075 557 l

218 761 419 812 SEQUITUR
439 785 622 808 OFFicmM
645 773 794 808 Sacriste
815 772 963 807 Minoris
983 778 1049 807 etc.

219 863 491 929 SACRISTA
522 891 697 927 MINOR
724 892 874 937 eligetur
905 904 967 938 per
995 890 1214 937 Prepositum
1241 896 1277 923 et
1303 888 1555 935 prebendarios
1583 894 1618 922 et
1644 888 1678 921 in

217 953 373 987 absentia
389 952 560 999 Prepositi
579 965 641 999 per
660 952 895 999 presidentem
912 958 946 986 et
964 950 1214 999 prebendarios
1230 958 1239 985 Ι
1256 950 1351 984 cuius
1372 949 1543 996 Prepositi
1559 949 1679 983 absen-

216 1013 264 1046 tia
278 1013 519 1059 expectabitur
534 1013 576 1047 ad
591 1012 799 1059 quindenam
817 1021 825 1048 Ι
844 1012 914 1053 Qui
932 1012 1082 1047 Sacrista
1100 1010 1219 1045 Minor
1237 1010 1271 1044 in
1287 1010 1378 1045 dicta
1393 1022 1468 1044 mea
1484 1009 1680 1056 Collegiata

217 1073 376 1108 Ecclesia
395 1073 525 1108 seruiet
544 1080 578 1108 et
597 1073 804 1107 ministrabit
824 1073 950 1107 Maiori
973 1073 1122 1108 Sacriste
1141 1072 1175 1105 in
1196 1070 1435 1118 superpellitio
1455 1070 1582 1104 mundo
1634 1070 1680 1104 Et

217 1134 390 1169 interierit
409 1134 592 1170 Matutinis
611 1134 744 1180 Magne
764 1134 875 1168 Misse
891 1140 927 1168 et
942 1133 1112 1181 Vesperis
1128 1133 1161 1166 in
1182 1132 1376 1166 Dominicis
1393 1137 1428 1165 et
1441 1131 1575 1165 festinis
1590 1131 1680 1165 cele-

216 1195 324 1230 bratis
343 1208 362 1230 a
380 1195 506 1242 populo
520 1195 577 1230 vel
592 1208 611 1230 a
625 1195 718 1230 clero
735 1204 743 1231 l
760 1207 940 1241 campanas
957 1194 1103 1229 ecclesie
1122 1192 1272 1240 pulsabit
1286 1191 1448 1238 congruis
1467 1191 1680 1238 temporibus

219 1256 407 1290 secundum
423 1255 596 1303 Prepositi
611 1256 667 1291 vel
682 1255 892 1303 presidentis
908 1262 943 1290 et
957 1254 1265 1302 prebendariorum
1280 1253 1477 1287 mandatum
1494 1258 1502 1286 Ι
1519 1252 1680 1286 candelas

219 1317 372 1363 singulas
391 1322 426 1352 et
444 1317 542 1352 tedas
556 1317 600 1352 lie
616 1317 745 1352 torchis
764 1316 970 1350 illuminabit
985 1322 1020 1350 et
1034 1315 1218 1361 extinguet
1233 1313 1446 1360 temporibus
1461 1313 1624 1359 congruis
1643 1319 1678 1347 et

219 1378 507 1413 conuenientibus
530 1387 538 1414 l
559 1378 767 1413 vestimenta
794 1390 896 1424 super
915 1377 1013 1411 altari
1042 1382 1147 1423 ponet
1170 1384 1178 1411 Ι
1200 1374 1312 1409 hostia
1331 1374 1477 1409 ecclesie
1498 1373 1626 1408 serabit
1644 1379 1680 1408 et

219 1439 352 1485 aperiet
369 1448 377 1475 Ι
394 1439 509 1474 claues
528 1439 682 1474 eiusdem
697 1438 869 1473 custodiet
888 1438 935 1472 Et
953 1438 981 1472 si
996 1437 1077 1484 quid
1096 1436 1255 1471 amissum
1272 1435 1326 1470 vel
1342 1435 1560 1482 deperditum
1575 1435 1679 1469 fuerit

219 1499 320 1546 culpa
348 1499 421 1533 eius
446 1499 622 1534 tenebitur
650 1499 692 1533 ad
722 1498 976 1533 restitutionem
999 1507 1007 1534 l
1032 1498 1103 1539 Qui
1134 1496 1283 1532 Sacrista
1312 1496 1430 1530 Minor
1457 1495 1598 1530 habebit
1616 1509 1679 1542 pro

218 1560 395 1607 premissis
412 1573 514 1595 vnam
532 1573 645 1595 acram
663 1567 756 1595 terre
780 1560 955 1606 jacentem
974 1559 1008 1593 in
1028 1558 1072 1593 lie
1093 1556 1330 1592 Provandside
1358 1556 1448 1590 inter
1475 1561 1585 1590 terras
1612 1556 1679 1590 mei

219 1621 410 1655 fundatoris
430 1633 473 1656 ex
489 1621 694 1656 occidentali
710 1628 745 1656 et
760 1628 869 1655 terras
884 1620 1088 1654 vicariorum
1101 1618 1197 1653 chori
1215 1616 1446 1663 Glasguensis
1462 1629 1506 1651 ex
1521 1616 1679 1651 orientali

219 1682 374 1729 partibus
390 1691 399 1718 Ι
415 1682 503 1716 Item
523 1695 623 1716 vnam
643 1682 742 1716 aliam
761 1694 872 1716 acram
892 1687 986 1715 terre
1005 1680 1179 1727 jacentem
1198 1679 1231 1712 in
1253 1677 1441 1723 Kynclaith
1460 1676 1550 1711 inter
1569 1682 1679 1711 terras

220 1744 390 1790 quondam
412 1743 621 1790 Kentigerni
648 1743 814 1777 Mortone
834 1755 878 1777 ex
897 1741 1055 1776 orientali
1075 1746 1110 1774 et
1128 1746 1238 1774 terras
1258 1738 1338 1772 olim
1365 1737 1511 1771 Roberti
1530 1737 1678 1771 Favside

220 1817 312 1838 nunc
329 1817 413 1839 vero
431 1804 498 1839 mei
522 1804 714 1838 fundatoris
742 1817 785 1838 ex
813 1802 1018 1837 occidentali
1044 1800 1198 1847 partibus
1216 1807 1224 1834 l
1241 1798 1330 1832 Item
1357 1796 1538 1830 dimediam
1565 1809 1677 1831 acram

220 1872 312 1899 terre
327 1865 501 1911 jacentem
519 1865 552 1899 in
574 1864 815 1899 Brvmelandis
833 1864 924 1898 inter
943 1869 1053 1896 terras
1072 1859 1217 1894 rectoris
1236 1858 1278 1892 de
1301 1857 1436 1902 Glasgu
1456 1869 1500 1890 ex
1519 1857 1677 1891 orientali

220 1931 255 1959 et
272 1931 382 1960 terras
402 1925 481 1960 olim
508 1925 661 1960 Donaldi
690 1925 814 1972 Lyone
843 1936 886 1958 ex
913 1921 1119 1957 occidentali
1145 1919 1299 1966 partibus
1317 1926 1325 1953 Ι
1342 1917 1429 1952 Item
1448 1930 1549 1951 vnam
1576 1918 1676 1952 aliam

219 1998 330 2020 acram
345 1992 438 2020 terre
454 1986 626 2032 jacentem
642 1986 676 2019 in
697 1983 885 2031 Kynclaith
904 1983 994 2017 inter
1009 1988 1120 2016 terras
1135 1978 1282 2013 Roberti
1303 1977 1440 2024 Smytht
1455 1990 1498 2012 ex
1517 1978 1677 2013 orientali

220 2052 255 2081 et
272 2059 451 2081 commune
470 2046 665 2093 passagium
684 2058 729 2080 ex
747 2043 952 2079 occidentali
972 2042 1126 2089 partibus
1143 2049 1151 2076 l
1168 2040 1256 2074 Item
1271 2051 1372 2073 vnam
1391 2051 1548 2085 magnam
1566 2039 1674 2085 rigam

219 2113 311 2141 terre
326 2107 500 2153 jacentem
519 2107 553 2141 in
576 2106 722 2152 Palyard
744 2105 844 2140 Croft
861 2104 951 2138 inter
970 2110 1080 2137 terras
1100 2100 1234 2135 Mathei
1254 2099 1434 2146 Campbell
1454 2111 1498 2133 ex
1517 2099 1674 2133 orientali

219 2173 254 2201 et
271 2173 382 2201 terras
411 2167 550 2202 Helene
578 2167 716 2212 Erskyn
746 2178 788 2200 ex
817 2163 1021 2199 occidentali
1049 2161 1203 2209 partibus
1220 2168 1228 2196 Ι
1245 2160 1333 2194 Item
1361 2172 1465 2193 vnum
1493 2166 1602 2193 ortum
1631 2160 1673 2194 de

218 2227 371 2274 presenti
386 2227 611 2262 inhabitatum
623 2239 685 2274 per
696 2225 891 2262 Johannem
906 2224 984 2258 Rob
995 2223 1169 2269 jacentem
1184 2233 1228 2255 ex
1240 2226 1336 2267 parte
1350 2219 1508 2254 orientali
1521 2226 1674 2257 ortorum

218 2299 370 2321 meorum
390 2300 433 2321 ex
452 2287 635 2334 posteriori
655 2292 751 2333 parte
771 2285 862 2319 dicte
882 2297 957 2318 mee
977 2283 1124 2318 ecclesie
1143 2282 1178 2316 in
1197 2282 1264 2316 fine
1284 2280 1425 2315 australi
1444 2281 1632 2315 eorundem
