1922 2764
228 559 526 627 VNIUERSIS
554 600 589 628 et
616 594 761 640 singulis
788 601 905 630 sancte
932 596 1050 630 matris
1077 596 1223 631 ecclesie
1243 597 1321 631 filiis
1348 606 1529 644 presentes
1556 601 1688 637 litteras

228 652 301 688 siue
319 653 385 688 hoc
403 666 547 700 presens
570 653 743 701 publicum
768 655 1034 690 instrumentum
1062 663 1331 704 transsumptum
1351 658 1425 694 siue
1444 662 1686 708 transcriptum

227 725 266 747 ac
292 719 488 760 regestrum
507 714 631 748 visuris
656 715 863 762 inspecturis
882 717 1023 751 lecturis
1050 717 1180 764 pariter
1199 724 1234 753 et
1252 719 1419 754 audituris
1473 721 1517 754 W
1520 721 1688 758 ILLEL-

227 773 334 809 MUS
364 774 623 810 Hammiltoune
647 775 908 811 archidiaconus
935 778 1067 824 capelle
1098 778 1210 825 Regie
1232 779 1509 826 Striuilingensis
1528 794 1567 816 ac
1586 783 1687 818 offici-

226 834 288 868 alis
310 833 540 881 Glasguensis
567 836 741 882 generalis
770 837 913 872 salutem
934 838 965 871 in
993 838 1145 873 Domino
1170 845 1206 873 et
1229 840 1449 886 presentibus
1468 842 1570 876 fidem
1590 844 1687 878 indu-

226 894 313 929 biam
347 895 512 930 adhibere
540 895 691 931 Nouerit
718 897 926 932 vniuersitas
957 904 1073 933 vestra
1099 899 1191 946 quod
1222 912 1284 934 nos
1313 900 1508 936 Willelmus
1536 903 1688 939 officialis

225 955 420 991 antedictus
447 957 489 991 ad
516 956 714 992 instantiam
741 964 777 993 et
798 959 1058 1006 requisitionem
1078 960 1286 995 venerabilis
1311 967 1346 996 et
1373 963 1508 1009 egregii
1527 963 1592 998 viri
1619 978 1686 1000 ma-

225 1016 326 1062 gistri
343 1016 465 1052 Jacobi
486 1017 695 1053 Houstoune
714 1019 901 1054 subdecani
920 1020 1151 1067 Glasguensis
1165 1033 1204 1056 ac
1218 1021 1410 1057 fundatoris
1431 1023 1589 1059 Ecclesie
1606 1025 1686 1060 Col-

226 1076 353 1123 legiate
373 1077 578 1112 Beatissime
597 1077 757 1125 Virginis
786 1078 899 1114 Marie
927 1086 962 1115 et
991 1081 1117 1115 Sancte
1137 1081 1243 1117 Anne
1271 1083 1388 1117 matris
1416 1084 1570 1119 eiusdem
1598 1086 1687 1121 infra

224 1137 398 1172 ciuitatem
421 1138 678 1185 Glasguensem
705 1139 750 1174 lie
770 1139 969 1187 Troyngait
987 1141 1141 1176 eiusdem
1169 1142 1294 1178 situate
1315 1143 1448 1179 Omnes
1469 1151 1504 1180 et
1529 1145 1684 1193 singulos

224 1211 285 1232 sua
303 1198 529 1234 communiter
547 1199 603 1234 vel
622 1199 757 1234 diuisim
785 1200 827 1235 ad
854 1201 1072 1249 infrascripta
1089 1203 1259 1238 interesse
1278 1203 1446 1239 habentes
1474 1218 1535 1240 seu
1554 1206 1683 1242 habere

222 1265 385 1306 putantes
411 1259 454 1294 ad
472 1259 659 1294 videndum
679 1266 714 1295 et
732 1261 940 1296 audiendum
968 1268 1063 1297 certa
1088 1263 1318 1299 instrumenta
1344 1265 1502 1300 confecta
1527 1279 1591 1312 per
1618 1267 1681 1302 cir-

222 1326 438 1366 cumspectos
468 1320 561 1355 viros
595 1321 778 1368 magistros
814 1328 850 1357 et
879 1323 1035 1358 dominos
1071 1323 1250 1359 Matheum
1289 1325 1435 1360 Stewart
1457 1336 1465 1362 l
1491 1326 1682 1362 Martinum

224 1379 391 1415 Hommill
412 1389 420 1417 l
441 1380 636 1416 Johannem
663 1381 751 1416 Blak
772 1391 782 1419 l
800 1382 994 1418 ‚Iohannem
1023 1383 1213 1419 Moresone
1228 1393 1237 1420 s
1253 1385 1448 1421 Johanncm
1482 1387 1582 1422 Kene
1599 1397 1608 1424 l
1623 1389 1682 1424 Jo-

220 1441 369 1476 hannem
404 1441 537 1488 Bridyn
565 1450 574 1478 l
599 1442 766 1477 Thomam
806 1443 1065 1479 Hammiltoune
1092 1454 1101 1481 l
1128 1444 1334 1480 Nicholaum
1373 1446 1644 1494 Witherspovne
1672 1458 1681 1485 l

220 1501 414 1537 Johannem
435 1502 628 1537 Chalmeris
645 1512 654 1539 l
672 1503 902 1539 Cuthbertum
933 1505 1093 1551 Symonis
1110 1513 1119 1541 1
1137 1505 1255 1539 Dauid
1276 1505 1438 1553 Hugonis
1458 1513 1494 1542 et
1513 1507 1680 1544 Thomam

222 1561 395 1609 Flemyng
420 1563 572 1597 notarios
598 1563 754 1610 publicos
771 1573 781 1600 Ι
797 1564 888 1600 dicte
917 1565 1063 1600 ecclesie
1094 1566 1294 1600 Sanctarum
1324 1567 1438 1602 Marie
1466 1573 1501 1602 et
1520 1568 1626 1603 Anne
1646 1575 1682 1603 et

222 1623 356 1669 prefato
374 1623 538 1670 magistro
555 1623 688 1660 Jacobo
705 1624 879 1660 fundatori
899 1625 1053 1660 eiusdem
1076 1627 1267 1673 spectantia
1285 1633 1320 1662 et
1338 1628 1549 1675 pertinentia
1566 1642 1678 1665 coram

221 1683 319 1718 nobis
334 1684 545 1731 judicialiter
563 1685 721 1720 exhiberi
739 1692 841 1732 atque
860 1686 1003 1732 produci
1024 1687 1071 1721 Et
1088 1693 1267 1734 postquam
1285 1688 1453 1735 producta
1470 1689 1600 1724 fuerint
1617 1703 1679 1736 per

221 1744 322 1779 alium
341 1745 510 1780 notarium
530 1745 704 1792 ydoneum
723 1747 906 1781 transsumi
933 1747 1116 1781 transcribi
1134 1748 1262 1794 copiari
1282 1748 1471 1795 exemplari
1491 1755 1526 1784 et
1543 1750 1576 1783 in
1597 1762 1677 1796 quo-

220 1805 296 1839 dam
315 1811 474 1852 regestro
492 1806 574 1853 poni
588 1819 627 1841 ac
641 1806 675 1840 in
694 1807 865 1853 publicam
879 1808 1103 1854 transsumpti
1122 1821 1182 1842 seu
1196 1809 1395 1855 transcripti
1409 1809 1549 1844 formam
1565 1809 1677 1856 redigi

219 1866 372 1901 mandari
432 1866 479 1901 Et
504 1866 569 1901 hoc
595 1880 722 1914 proper
749 1867 945 1902 incendium
977 1867 1055 1914 [etc.
1083 1869 1123 1902 in,
1135 1869 1263 1913 forma
1290 1870 1471 1903 commum?
1492 1875 1533 1904 ut
1554 1881 1674 1916 supra,

214 1938 329 1973 pagg.
349 1929 381 1969 3,
402 1925 452 1972 4.]
474 1927 522 1961 Et
539 1927 619 1974 quia
635 1927 830 1962 huiusmodi
848 1928 1076 1962 instrumenta
1090 1939 1157 1962 non
1178 1940 1254 1962 rasa
1272 1940 1339 1962 non
1356 1929 1544 1964 cancellata
1558 1942 1623 1964 nec
1641 1930 1675 1964 in

219 1987 331 2034 aliqua
349 1987 401 2021 sui
418 1993 516 2034 parte
536 1994 697 2035 suspecta
715 1988 776 2022 sed
795 1987 886 2022 omni
904 2000 1045 2034 prorsus
1064 1987 1148 2022 vitio
1167 1994 1202 2022 et
1221 1988 1415 2034 suspicione
1439 2001 1557 2023 carere
1577 2002 1675 2037 repe-

219 2047 324 2081 rimus
374 2047 508 2083 Idcirco
535 2048 576 2082 ad
599 2048 723 2094 prefati
741 2047 895 2094 magistri
914 2047 937 2083 J
939 2047 1035 2082 acobi
1054 2047 1241 2082 subdecani
1260 2048 1459 2083 vlteriorem
1478 2049 1673 2085 instantiam

219 2113 254 2142 et
271 2108 530 2154 requisitionem
549 2108 743 2142 huiusmodi
770 2108 998 2142 instrumenta
1017 2120 1079 2154 per
1098 2108 1266 2142 notarium
1285 2108 1458 2154 publicum
1477 2109 1673 2158 infrascrip-

218 2174 289 2202 tum
308 2168 453 2203 scribam
478 2174 634 2203 nostrum
653 2168 837 2203 transsumi
855 2168 1037 2202 transcribi
1056 2168 1184 2215 copiari
1209 2168 1376 2215 publicari
1397 2177 1431 2205 et
1449 2170 1483 2204 in
1502 2170 1671 2217 publicam

217 2229 439 2275 transsumpti
470 2241 531 2263 seu
557 2228 755 2275 transcripti
780 2228 921 2263 formam
954 2228 1067 2274 redigi
1099 2228 1333 2264 mam-lauimus
1360 2235 1395 2265 et
1420 2230 1563 2265 fecimus
1625 2231 1672 2266 Et

219 2288 338 2323 eadem
356 2289 584 2324 instrumenta
610 2289 642 2323 in
666 2289 820 2335 presenti
839 2298 998 2335 regestro
1016 2288 1144 2335 imponi
1161 2289 1377 2324 decreuimus
1431 2290 1670 2337 Volentesque
