1922 2764
129 1884 185 1915 43.

629 234 845 270 ORDINIS
874 235 1309 273 PREDICATORUM.
1634 245 1700 281 189

239 356 356 378 eorum
377 345 635 380 successoribus
653 345 711 392 qui
740 358 802 392 pro
821 352 978 393 tempore
1009 345 1140 381 fuerint
1168 347 1211 381 de
1242 347 1409 394 predictis
1441 349 1543 384 terris
1574 351 1644 385 suis
1663 352 1705 386 (le

239 405 514 452 Ardgarthricht
532 406 565 440 in
584 406 688 441 feodo
704 413 739 442 et
756 407 951 443 hereditate
970 408 1225 455 imperpetuum
1248 430 1253 436 ·
1276 410 1318 444 ad
1337 410 1424 445 duos
1442 412 1521 458 annj
1542 413 1706 448 terminos

237 472 422 501 consuetos
441 466 554 502 silicet
571 467 677 502 Festa
698 468 926 504 Pentecostes
945 475 980 504 et
1000 469 1117 505 Sancti
1136 469 1282 505 Martini
1301 471 1334 505 in
1355 484 1456 518 yeme
1483 486 1546 519 per
1565 474 1706 520 equales

236 528 419 574 porciones
441 548 448 555 ·
470 528 558 563 adeo
577 528 687 564 libere
706 529 823 576 quiete
842 530 998 577 plenarie
1022 531 1160 578 integre
1180 531 1369 567 honorifice
1396 533 1486 567 bene
1506 540 1541 568 et
1559 535 1592 568 in
1622 548 1706 582 pace

237 588 326 623 sicut
343 589 520 636 predictus
541 589 687 625 Colinus
706 591 762 626 uel
781 592 904 639 aliquis
924 593 1210 639 predecessorum
1230 606 1369 628 suorum
1388 594 1532 629 liberius
1551 596 1706 642 quieeius

237 649 359 684 melius
374 656 410 685 et
426 650 715 687 honorificencius
730 653 844 688 tenuit
859 666 920 688 seu
934 653 1091 701 possedit
1125 654 1274 701 Insuper
1290 668 1373 689 vero
1388 656 1543 702 prefatus
1561 656 1706 692 Colinus

236 711 381 746 firmiter
400 724 437 747 se
455 712 624 759 obligauit
654 713 804 749 heredes
836 727 915 749 suos
947 721 1156 750 executores
1188 722 1223 750 et
1253 716 1448 763 assignatos
1480 730 1704 765 quoscunque

236 773 451 808 varantizare
478 774 607 809 dictum
634 787 785 809 annuum
812 776 986 810 redditum
1006 776 1038 823 vj
1067 776 1255 812 solidorum
1280 784 1316 812 et
1334 778 1392 824 viij
1413 778 1635 813 denariorum
1663 779 1705 814 de

235 833 337 869 dictis
355 834 459 869 terris
485 834 528 870 de
564 835 813 882 Ardgartricht
834 857 841 864 ·
865 842 900 872 et
918 837 1094 884 predictos
1123 837 1280 874 Priorem
1311 845 1348 874 et
1378 852 1475 874 suum
1495 846 1705 875 conuentum

235 907 370 930 necnon
399 908 480 930 suos
506 908 728 931 successores
747 897 804 944 qui
831 911 894 944 pro
921 904 1078 945 tempore
1108 899 1239 934 fuerint
1270 899 1304 934 in
1324 900 1456 935 eisdem
1483 900 1651 936 inuestire
1672 908 1706 937 et

235 956 394 991 saisinam
421 956 615 992 huiusmodi
648 964 685 992 ut
703 958 807 993 moris
827 966 881 993 est
911 959 1051 994 tradere
1082 973 1145 1007 pro
1175 960 1315 996 racione
1335 966 1371 996 et
1402 974 1505 996 causa
1534 962 1705 997 firmitatis

234 1031 329 1053 mere
349 1019 549 1054 deuocionis
579 1020 812 1067 suprascripte
834 1020 866 1054 in
894 1020 997 1055 feodo
1017 1027 1052 1056 et
1079 1021 1275 1057 hereditate
1302 1022 1556 1070 imperpetuum
1595 1024 1706 1071 Super

234 1079 358 1126 quibus
376 1080 530 1127 prefatus
551 1080 719 1116 Patricius
739 1081 782 1115 de
806 1081 962 1117 Gowane
984 1082 1082 1116 Prior
1101 1083 1299 1118 antedictus
1318 1084 1423 1131 peciit
1443 1084 1506 1130 sibj
1527 1084 1602 1119 fieri
1621 1086 1705 1132 pub-

234 1141 336 1176 licum
355 1142 621 1178 instrumentum
666 1142 731 1189 Cuj
753 1142 983 1177 instrumento
1002 1143 1114 1178 dIctus
1135 1143 1281 1179 Colinus
1299 1157 1363 1191 pro
1383 1144 1500 1179 maiori
1517 1146 1704 1181 securitate

234 1203 480 1250 premissorum
512 1216 609 1238 suum
641 1204 816 1239 concessit
847 1204 1047 1251 appendere
1076 1204 1226 1251 sigillum
1272 1205 1365 1240 Acta
1391 1212 1491 1240 erant
1522 1206 1586 1241 hec
1617 1206 1706 1241 infra

235 1264 409 1300 ciuitatem
433 1264 694 1312 Glasguensem
715 1265 747 1299 in
769 1265 869 1299 domo
888 1265 954 1312 mej
984 1265 1180 1313 stipulantis
1226 1265 1454 1301 Presentibus
1481 1267 1609 1302 ibidem
1628 1280 1704 1314 pro-

235 1326 324 1361 uidis
351 1326 433 1361 viris
460 1327 621 1363 Johanne
652 1327 763 1373 Hynd
798 1327 926 1361 balliuo
979 1327 1142 1361 Doualdo
1179 1327 1444 1363 Makclachlane
1497 1328 1704 1363 Alexandro

239 1387 389 1435 Golfridj
445 1387 594 1423 Patricio
617 1388 738 1423 Swane
788 1388 950 1424 Johanne
969 1388 1012 1423 de
1035 1388 1203 1423 Schankis
1222 1395 1258 1423 et
1278 1388 1454 1423 Willelmo
1484 1389 1633 1424 Hwnter
1660 1390 1703 1424 de

235 1449 379 1496 Dunlop
394 1462 471 1484 cum
485 1450 602 1484 multis
617 1449 692 1484 aliis
712 1450 859 1484 testibus
882 1469 888 1475 ·
910 1449 1071 1485 Johanne
1093 1449 1277 1484 Michaelis
1293 1449 1488 1497 presbitero
1507 1449 1705 1497 Glasguen-

235 1510 280 1545 sis
299 1510 447 1546 diocesis
466 1511 601 1546 notario
621 1511 758 1558 publico
781 1532 786 1536 -

238 1693 411 1728 Vendicio
430 1694 532 1740 annuj
553 1694 710 1729 redditus
729 1706 854 1729 nouem
887 1694 1074 1728 solidorum
1107 1700 1142 1729 et
1173 1700 1251 1729 octo
1282 1693 1501 1729 denariorum
1534 1693 1577 1728 de
1608 1699 1704 1728 tene-

239 1760 356 1789 mento
376 1755 542 1789 Willelmi
560 1755 715 1791 Jaksoun

238 1846 289 1914 In
307 1880 445 1915 nomine
466 1880 606 1926 Dominj
627 1892 725 1914 amen
771 1879 913 1914 Tenore
932 1879 1106 1926 presentis
1124 1879 1347 1914 instrumenti
1366 1884 1484 1926 pateat
1501 1878 1594 1924 quod
1613 1889 1703 1911 anno

239 1941 489 1976 incarnacionis
506 1941 693 1976 Dominice
723 1940 905 1975 millesimo
936 1941 1280 1987 quadringentesimo
1311 1939 1568 1987 septuagesimo
1602 1944 1702 1973 sexto

238 2002 366 2037 mensis
384 2014 469 2037 vero
489 2000 653 2037 Octobris
671 2001 727 2036 die
747 2001 982 2036 decimasexta
1027 2002 1067 2035 In
1101 2002 1164 2048 mej
1198 2001 1321 2048 notarij
1352 2001 1481 2049 publici
1509 2006 1545 2036 et
1563 2000 1702 2035 testium

238 2063 508 2110 subscriptorum
535 2062 718 2109 presencia
747 2063 978 2109 personaliter
1005 2062 1193 2097 constituta
1224 2062 1429 2109 Mergareta
1446 2062 1601 2098 Jaksoun
1634 2061 1703 2095 filia

240 2124 407 2158 Willelmi
435 2123 589 2160 Jaksone
618 2123 803 2170 burgensis
834 2123 877 2157 de
913 2123 1100 2170 Glasgowe
1136 2124 1268 2159 habens
1299 2129 1423 2159 statum
1455 2122 1701 2158 hereditarium

237 2185 413 2220 cuiusdam
431 2184 621 2231 tenementj
638 2184 786 2231 jacentis
805 2184 839 2218 in
858 2184 998 2219 ciuitate
1022 2184 1235 2231 Glasguensi
1254 2184 1289 2218 in
1310 2184 1400 2219 Vico
1430 2184 1590 2218 Fratrum
1619 2183 1702 2218 Pre-

238 2246 427 2281 dicatorum
447 2246 537 2281 infra
554 2245 725 2280 venellam
745 2245 860 2280 situati
880 2257 925 2279 ex
942 2252 1040 2292 parte
1068 2246 1191 2280 boriali
1219 2245 1373 2280 eiusdem
1393 2245 1485 2280 inter
1504 2250 1704 2279 tenementa

238 2307 359 2343 Jacobi
376 2307 578 2342 Henrisoun
594 2319 639 2341 ex
654 2313 751 2354 parte
766 2306 971 2341 occidentali
987 2312 1022 2341 et
1038 2306 1148 2341 Finlai
1165 2306 1330 2353 Mynteth
1342 2318 1387 2341 ex
1402 2312 1499 2353 parte
1514 2304 1673 2340 orientali
1692 2313 1700 2340 Ι
