1922 2764
107 2101 147 2136 19

600 262 728 298 ORDI
736 262 814 298 NIS
843 262 1277 299 PREDICATORUM.
1602 268 1663 303 161

209 373 372 408 memorie
403 372 574 407 Dominus
607 372 784 407 Robertus
816 372 887 407 Dei
917 372 1035 420 gracia
1066 373 1147 408 Rex
1181 373 1376 408 Scottorum
1409 375 1552 411 illustris
1583 389 1667 412 auus

208 442 326 471 noster
347 456 354 463 ·
375 435 459 470 fecit
488 440 524 470 et
553 434 726 469 concessit
752 455 757 461 ·
785 434 959 481 religiosis
987 434 1071 469 viris
1104 434 1283 469 Fratribus
1316 435 1594 472 Predicatoribus
1624 439 1666 473 de

211 496 347 543 Glasgv
363 495 583 543 presentibus
602 502 638 530 et
651 495 775 530 futuris
792 505 801 532 l
818 496 956 531 nomine
971 496 1061 530 dotis
1077 496 1225 531 ecclesie
1245 497 1433 531 eorundem
1452 510 1515 544 pro
1534 505 1667 534 susten-

206 557 341 592 taeione
359 556 535 591 luminaris
554 557 701 592 ecclesie
720 557 895 592 antedicte
918 578 923 584 ·
947 563 982 592 et
1000 557 1076 604 alijs
1096 557 1260 604 operibus
1287 558 1329 592 ad
1357 558 1511 593 diuinum
1539 560 1666 595 cultum

206 617 440 665 spectantibus
457 638 462 644 ·
479 618 522 653 de
541 631 655 653 annua
673 618 840 666 pensione
856 618 980 665 viginti
999 631 1189 653 marcarum
1207 640 1212 645 -
1229 619 1475 666 sterlingorum
1498 641 1503 647 ·
1528 620 1668 656 Tenen-

205 679 248 714 da
281 678 441 714 habenda
467 701 472 706 ·
500 685 536 714 et
569 679 795 727 percipienda
821 701 827 707 ·
855 680 985 714 eisdem
1022 680 1202 715 Fratribus
1239 687 1275 715 et
1309 693 1428 715 eorum
1464 683 1669 716 successori-

202 740 266 775 bus
290 761 295 767 ·
318 740 362 775 de
376 740 476 775 nobis
492 747 527 775 et
540 740 728 776 heredibus
743 741 871 776 nostris
890 741 1134 789 inperpetuum
1158 763 1163 768 ·
1186 742 1229 776 de
1248 742 1354 776 firmis
1374 743 1500 777 nostris
1519 743 1562 777 de
1580 743 1668 778 Cacl-

205 815 280 849 yow
299 802 333 836 in
352 802 442 837 valle
462 802 505 837 de
535 802 648 838 Clude
671 824 677 829 ·
700 803 742 837 ad
770 803 855 837 duos
883 803 963 837 anni
991 803 1157 838 terminos
1180 824 1185 830 -
1209 803 1373 838 videlicet
1399 804 1520 839 decem
1540 817 1669 840 marcas

204 863 246 898 ad
265 863 407 898 Festum
429 863 656 899 Pentecostes
678 885 684 891 ·
709 870 745 899 et
762 863 845 899 alias
864 864 985 899 decem
1005 877 1136 899 marcas
1155 864 1198 898 ad
1225 864 1367 899 Festum
1389 865 1506 900 Sancti
1525 865 1670 900 Martini

205 925 237 959 in
274 925 399 972 hyeme
423 946 428 952 ·
451 925 538 960 adeo
571 925 682 960 libere
718 931 753 960 et
788 925 904 972 quiete
922 933 930 961 l
946 925 1102 973 plenarie
1119 934 1128 962 l
1144 925 1282 973 integre
1299 934 1308 962 l
1325 932 1360 960 et
1394 926 1582 962 honorifice
1606 948 1611 953 ·
1635 927 1669 962 in

205 986 362 1021 omnibus
397 992 433 1021 et
466 999 528 1034 per
564 987 678 1021 omnia
699 1007 704 1013 ·
729 986 817 1021 sicut
851 992 946 1021 carta
980 986 1107 1021 domini
1139 987 1194 1021 aui
1222 987 1329 1021 nostri
1363 987 1509 1034 predicti
1534 1009 1538 1013 -
1563 988 1596 1022 in
1633 1001 1669 1023 se

204 1047 293 1082 iuste
321 1047 477 1082 continet
503 1053 539 1082 et
564 1052 745 1095 proportat
770 1068 776 1074 ·
802 1047 922 1088 Quare
949 1047 1150 1083 Camerario
1188 1075 1669 1083 ..............

205 1108 370 1143 ministris
397 1108 525 1143 nostris
564 1109 739 1156 qu[orum]
766 1108 915 1144 interest
943 1109 998 1143 vel
1027 1109 1197 1143 interesse
1226 1109 1382 1156 poterit·
1406 1109 1562 1144 districte
1593 1123 1669 1157 pre-

205 1170 349 1217 cipimus
377 1175 413 1204 et
437 1169 637 1205 mandamus
664 1170 825 1217 quatinus
852 1169 962 1205 dictos
990 1170 1172 1217 religiosos
1191 1171 1235 1206 de
1254 1171 1346 1205 dicta
1364 1183 1477 1205 annua
1500 1171 1669 1218 pensione

1032 1260 1038 1267 .
1070 1261 1076 1267 .
1113 1239 1147 1268 tc
1174 1233 1336 1278 sa[ci]ant
1369 1259 1667 1269 ........

208 1292 322 1334 Quam
341 1293 406 1327 sibi
424 1293 459 1327 in
487 1293 654 1340 compotis
681 1293 751 1328 suis
770 1293 893 1328 annuis
921 1293 1057 1340 plenius
1077 1294 1234 1329 volumus
1253 1295 1392 1330 allocari
1414 1316 1420 1322 ·
1444 1295 1484 1329 In
1505 1296 1601 1331 cuius
1620 1297 1670 1332 rei

207 1354 454 1398 [testimonium
471 1355 641 1402 pre]senti
662 1361 756 1390 carte
776 1355 1063 1399 confi[rmacionis
1081 1361 1200 1390 nostre
1228 1355 1379 1402 sigillum
1401 1357 1565 1399 nos]trum
1595 1371 1671 1405 pre-

207 1418 360 1463 cepimus
378 1417 503 1464 apponi
527 1438 532 1443 -
556 1416 752 1452 Testibus'-
776 1417 1034 1452 venerabilibus
1060 1418 1095 1452 in
1124 1417 1205 1465 Xpo
1223 1418 1378 1465 patribus
1401 1440 1407 1445 -
1432 1418 1608 1454 Willelmo
1636 1427 1672 1455 et

209 1477 358 1512 Patricio
380 1498 386 1504 ·
411 1478 528 1513 Sancti
561 1478 706 1513 Andree
739 1484 774 1512 et
805 1478 1070 1523 Brech[inensis
1106 1479 1346 1523 eccles]iarum
1378 1480 1561 1529 Episcopis
1584 1503 1591 1509 ·
1613 1482 1672 1518 Jo-

206 1538 320 1574 hanne
345 1538 590 1586 primog[enito
609 1545 728 1573 nostro
748 1538 885 1574 Comite
904 1539 960 1583 de]
982 1539 1119 1587 Carryk
1142 1541 1334 1575 senescallo
1364 1542 1484 1577 Scocie
1507 1563 1513 1569 ·
1538 1542 1673 1578 Thoma

209 1599 345 1634 Comite
360 1600 403 1635 de
419 1599 518 1634 Marr
540 1621 545 1626 -
572 1600 746 1635 Willelmo
773 1627 968 1635 ......
994 1601 1037 1635 de
1057 1601 1218 1648 Douglas
1233 1603 1500 1649 consanguineis
1514 1604 1642 1638 nostris
1666 1626 1670 1630 -

207 1660 367 1696 Johanne
399 1661 442 1696 de
470 1660 607 1708 Carryk
639 1661 805 1696 canonico
835 1661 1080 1708 Glasg[uensi]
1108 1663 1315 1698 cancellario
1341 1670 1461 1699 nostro
1484 1686 1489 1691 ·
1515 1665 1672 1700 Roberto

208 1722 251 1756 de
270 1721 433 1768 Erskyne
456 1743 462 1748 -
485 1728 521 1756 et
540 1721 745 1756 Alexandro
765 1722 808 1757 de
836 1721 1028 1769 Lyndesay
1046 1723 1212 1758 militibus
1235 1745 1240 1750 ·
1265 1724 1372 1771 Apud
1400 1725 1642 1773 Edynburghe
1666 1748 1671 1752 -

210 1788 309 1816 sexto
328 1781 383 1816 die
403 1781 490 1816 Maii
508 1794 598 1817 anno
616 1782 717 1828 regni
736 1783 845 1818 nostri
863 1783 973 1830 primo
996 1804 1001 1810 ·

212 1962 387 1998 Protectio
407 1963 517 2010 Regis
537 1963 684 1998 Roberti
702 1964 745 1998 de
765 1964 923 1998 omnibus
941 1965 1046 1999 rebus
1066 1965 1247 2000 mobilibus
1267 1973 1301 2001 et
1319 1967 1550 2002 immobilibus
1572 1990 1577 1994 ·

211 2057 411 2124 Robertus
430 2089 501 2124 Dei
519 2089 636 2136 gracia
656 2089 736 2124 Rex
765 2089 961 2123 Scottorum
979 2098 986 2125 l
1005 2089 1176 2124 Omnibus
1203 2090 1320 2137 probis
1347 2091 1542 2127 hominibus
1561 2095 1671 2128 tocius

211 2157 305 2186 terre
325 2163 385 2186 sue
402 2159 411 2187 Ι
429 2151 581 2185 Salutem
608 2171 614 2177 ·
638 2171 644 2177 ·
674 2149 797 2185 Sciatis
815 2163 878 2184 nos
897 2150 1079 2197 religiosos
1098 2151 1190 2185 viros
1207 2160 1216 2187 Ι
1234 2152 1388 2186 Priorem
1408 2159 1443 2187 et
1461 2162 1670 2189 conuentum

210 2212 408 2259 monasterij
425 2211 556 2246 ordinis
570 2211 729 2246 Fratrum
750 2211 1008 2246 Predicatorum
1025 2212 1068 2246 de
1085 2212 1220 2258 Glasgv
1243 2233 1248 2239 ·
1273 2220 1382 2248 terras
1397 2227 1474 2249 suas
1492 2223 1500 2251 l
1517 2215 1672 2250 homines

211 2286 292 2308 suos
308 2282 317 2310 l
334 2279 370 2308 et
387 2273 568 2308 vniuersas
586 2273 775 2308 eorundem
802 2273 1041 2319 possessiones
1058 2282 1067 2309 l
1083 2286 1122 2308 ac
1141 2274 1254 2308 omnia
1272 2275 1363 2309 bona
1390 2288 1450 2310 sua
1474 2277 1612 2311 mobilia
1639 2284 1673 2311 et

210 2334 397 2369 immobilia
415 2334 649 2370 ecclesiastica
676 2340 711 2369 et
738 2334 910 2368 mundana
926 2342 934 2370 Ι
952 2334 1015 2368 sub
1034 2335 1129 2369 firma
1156 2348 1240 2382 pace
1268 2341 1303 2370 et
1324 2337 1538 2382 protectione
1558 2344 1673 2372 nostra

931 2405 951 2424 X
