1922 2764
672 252 713 286 B.
743 252 789 286 V.
818 251 986 286 MARIE
1015 251 1082 287 ET
1111 253 1145 288 S.
1175 254 1335 290 ANNE.
1666 263 1732 294 125

272 349 425 384 secundo
450 349 505 384 die
533 361 616 384 vero
643 349 771 384 mensis
791 349 1003 384 Nouembris
1021 350 1301 396 vigesimotercio
1318 361 1327 389 Ι
1344 353 1384 387 In
1403 355 1470 389 mei
1496 356 1619 390 notarii
1647 357 1731 402 pub-

271 411 326 445 lici
345 417 381 445 et
397 410 538 445 testium
565 410 837 457 subscriptorum
863 410 1041 457 presentia
1066 412 1296 458 personaliter
1323 414 1529 449 constitutus
1553 416 1732 452 Johannes

272 471 388 517 Brady
408 477 524 505 textor
541 471 727 518 burgensis
745 471 788 505 de
809 470 1052 517 Rutherglene
1069 480 1078 508 l
1095 478 1130 506 et
1149 472 1299 507 Isabella
1320 473 1459 509 Oswald
1479 475 1552 510 eius
1580 489 1706 523 sponsa
1722 486 1730 513 Ι

271 531 421 565 vnanimi
452 543 624 566 consensu
654 531 889 566 vendiderunt
914 531 1065 566 discreto
1092 532 1167 567 viro
1194 533 1359 579 magistro
1391 534 1561 570 Nicholao
1590 536 1731 571 Withir-

271 603 426 637 spovune
440 591 628 625 heredibus
648 591 717 625 suis
734 598 769 626 et
783 591 965 638 assignatis
981 605 1098 626 eorum
1114 599 1351 628 tenementum
1367 601 1446 629 ante
1466 602 1501 630 et
1519 602 1612 631 retro
1629 606 1638 633 l
1654 610 1730 632 cum

270 658 346 686 orto
366 657 401 685 et
419 651 551 685 duabus
569 651 654 697 rigis
672 657 765 686 terre
785 652 896 686 eidem
916 652 951 686 in
969 652 1037 687 fine
1056 654 1196 688 australi
1212 654 1295 689 dicti
1309 655 1375 689 orti
1391 656 1554 702 contigue
1574 657 1730 692 adiacen-

269 712 360 747 tibus
377 712 518 758 ljacens
537 711 570 745 in
586 712 697 758 burgo
712 712 755 746 de
772 712 1015 759 Rutherglene
1031 713 1064 747 in
1081 713 1171 748 Vico
1188 714 1344 750 Australi
1360 715 1514 751 eiusdem
1530 717 1620 751 inter
1634 723 1730 752 tene-

269 779 421 808 mentum
436 772 603 807 Willelmi
620 773 717 807 Scott
731 785 775 807 ex
790 773 949 808 orientali
963 774 1005 808 ab
1021 787 1088 808 vna
1101 781 1137 809 et
1151 781 1387 810 tenementum
1401 776 1571 812 ,Iohannis
1587 777 1705 812 Millar
1721 786 1730 814 Ι

269 833 352 868 alias
375 832 490 868 Sancti
512 832 685 867 Nicholaii
702 841 710 869 l
727 846 771 867 ex
790 834 995 869 occidentali
1014 835 1169 882 partibus
1187 836 1229 870 ab
1248 836 1357 871 altera
1372 846 1381 873 Ι
1397 850 1460 884 pro
1476 838 1620 884 quadam
1637 845 1731 873 certa

269 907 399 928 summa
428 893 576 940 pecunie
606 892 690 940 ipsis
720 893 872 929 Johanni
900 901 936 929 et
962 895 1112 930 Isabelle
1143 909 1206 943 per
1236 896 1497 944 [prescriptum]
1528 899 1729 945 magistrum

269 954 476 989 Nicholaum
502 953 706 1000 persoluta·
730 955 919 989 tenendum
946 961 982 990 et
1006 956 1202 991 habendum
1233 957 1465 1005 prescriptum
1491 966 1728 994 tenementum

267 1028 287 1050 a
305 1015 427 1061 seipsis
446 1027 564 1049 eorum
583 1014 770 1049 heredibus
790 1028 851 1049 seu
869 1016 1051 1062 assignatis
1070 1018 1205 1064 prefato
1219 1019 1385 1065 magistro
1405 1019 1575 1054 Nicholao
1593 1020 1728 1055 heredi-

267 1077 330 1110 bus
349 1075 419 1110 suis
438 1081 473 1109 et
490 1075 674 1122 assignatis
690 1083 699 1112 l
715 1075 749 1109 in
769 1076 924 1110 manibus
946 1076 1083 1111 honesti
1101 1078 1165 1112 viri
1183 1078 1353 1114 Johannis
1373 1079 1441 1114 Bar
1460 1079 1560 1114 vnius
1586 1081 1729 1115 balliuo-

265 1149 339 1170 rum
372 1135 454 1170 dicti
484 1135 586 1181 burgi
617 1135 651 1169 in
681 1135 836 1170 fauorem
867 1137 1049 1184 prescripti
1080 1139 1235 1185 magistri
1269 1139 1431 1174 Nicholai
1465 1140 1688 1188 resignarunt
1720 1162 1726 1168 ·

268 1197 348 1238 Qua
377 1196 613 1243 resignatione
646 1196 694 1231 sic
720 1197 810 1231 sacta
840 1197 930 1232 idem
961 1198 1108 1233 balliuus
1143 1205 1269 1234 statum
1300 1206 1335 1235 et
1366 1200 1525 1235 saisinam
1556 1201 1727 1236 heredita-

264 1257 334 1292 rios
348 1257 531 1304 prescripti
546 1257 736 1292 tenementi
751 1258 944 1305 prescripto
959 1259 1123 1305 magistro
1139 1259 1309 1295 Nicholao
1326 1270 1335 1297 l
1352 1261 1478 1296 ibidem
1493 1274 1556 1308 pro
1571 1275 1607 1296 se
1626 1262 1725 1297 here-

264 1319 365 1353 dibus
384 1319 453 1353 suis
472 1331 534 1353 seu
552 1318 736 1365 assignatis
755 1318 925 1365 legittime
941 1321 1134 1367 acceptanti
1151 1330 1159 1357 l
1176 1334 1237 1368 per
1252 1328 1345 1357 terre
1365 1329 1400 1357 et
1420 1323 1541 1369 lapidis
1555 1323 1725 1358 delibera-

263 1380 391 1415 tionem
419 1379 627 1414 deliberauit
648 1400 655 1405 ·
679 1379 906 1415 Presentibus
933 1380 1059 1415 ibidem
1088 1382 1246 1416 discretis
1274 1383 1356 1417 viris
1385 1383 1520 1418 Thoma
1551 1384 1725 1430 Wylkyne

262 1441 422 1476 Johanne
440 1440 521 1474 Wat
543 1439 694 1474 Niniano
714 1440 832 1487 Brady
847 1446 882 1475 et
899 1441 1073 1476 Willelmo
1091 1442 1278 1478 Jamesoun
1298 1444 1458 1478 seriando
1477 1451 1606 1479 extunc
1620 1445 1726 1492 depu-

263 1507 334 1536 tato
360 1510 369 1537 Ι
394 1500 516 1535 incolis
545 1500 627 1535 dicti
653 1501 755 1547 burgi
788 1521 794 1527 -
828 1501 895 1535 ET
928 1501 1037 1537 EGO
1067 1502 1246 1538 Johanncs
1276 1503 1511 1539 Androsoune
1541 1505 1726 1552 presbyter

267 1562 499 1609 Glasguensis
517 1561 665 1596 diocesis
684 1574 781 1596 sacra
798 1562 1002 1597 auctoritate
1025 1562 1228 1610 Apostolica
1246 1564 1399 1598 notarius
1453 1564 1546 1605 Quia
1567 1563 1662 1611 [etan]

263 1743 384 1778 Tenor
402 1743 622 1778 instrumenti
641 1743 817 1778 sexdecim
837 1744 1024 1778 solidorum
1043 1745 1147 1779 annui
1166 1745 1324 1780 redditus
1343 1745 1386 1780 de
1401 1751 1602 1780 tenemento
1616 1757 1722 1791 quon-

260 1805 337 1839 dam
365 1804 516 1839 Mariote
544 1804 805 1839 Hammiltoune
833 1804 866 1838 in
898 1805 1139 1852 Rutherglene
1165 1806 1323 1840 assedato
1346 1806 1388 1840 ad
1406 1806 1632 1840 feudifirmam
1658 1818 1721 1852 per

260 1865 462 1912 magistrum
482 1865 688 1900 Nicholaum
710 1865 995 1912 Withirspovune

260 1953 329 2018 IN
357 1983 449 2018 DEI
474 1983 613 2018 nomine
634 1983 749 2018 Amen
772 2005 778 2011 -
803 1983 870 2018 Per
888 1984 954 2017 hoc
971 1983 1145 2030 publicum
1169 1983 1434 2018 instrumentum
1454 1984 1586 2019 cunctis
1605 1991 1722 2031 pateat

260 2045 352 2091 quod
370 2057 460 2079 anno
478 2044 724 2079 incarnationis
744 2044 928 2079 Dominice
947 2044 1128 2078 millesimo
1146 2044 1423 2091 quingentesimo
1443 2046 1718 2093 quadragesimo—

260 2106 413 2141 secundo
431 2105 487 2140 die
502 2118 586 2140 vero
605 2105 732 2139 mensis
750 2104 905 2140 Januarii
923 2110 1044 2138 octauo
1066 2124 1072 2130 -
1096 2104 1137 2138 In
1156 2104 1223 2139 mei
1241 2105 1365 2139 notarii
1384 2106 1512 2152 publici
1527 2112 1562 2141 et
1580 2107 1719 2141 testium

259 2166 531 2213 subscriptorum
561 2165 738 2212 presentia
771 2164 1002 2211 personaliter
1032 2164 1239 2199 constitutus
1269 2165 1440 2200 discretus
1470 2166 1523 2202 vir
1554 2167 1718 2214 magister

260 2227 452 2262 Nicholaus
480 2226 742 2272 Withirspovne
769 2224 917 2259 vicarius
944 2225 987 2259 de
1017 2225 1256 2260 Straithavane
1283 2235 1291 2263 l
1318 2227 1473 2262 existens
1503 2228 1537 2262 in
1567 2234 1657 2263 statu
1684 2235 1720 2263 et

259 2287 385 2322 saisina
397 2286 616 2321 hereditariis
629 2285 729 2320 vnius
743 2285 933 2320 tenementi
950 2293 959 2321 l
975 2297 1051 2320 cum
1064 2292 1139 2320 orto
1153 2292 1189 2321 et
1202 2286 1334 2322 duabus
1348 2288 1433 2333 rigis
1445 2294 1538 2324 terre
1554 2289 1716 2335 contigue
