1922 2764
668 242 884 278 ORDINIS
914 243 1346 282 PREDICATORUM.
1673 255 1732 286 151

275 413 381 449 Carta
399 414 528 449 domini
550 413 696 449 Roberti
716 414 882 462 Episcopi
900 423 909 451 l
926 415 968 450 de
988 414 1165 450 Meduwel
1186 415 1220 450 in
1241 416 1285 451 lie
1305 416 1464 453 Denside
1488 440 1493 444 -

184 532 215 567 6·
272 505 459 572 Omnibus
474 544 592 573 sancte
606 539 725 573 matris
741 539 888 574 ecclesie
904 539 982 574 filiis
997 540 1040 575 ad
1055 553 1140 587 quos
1155 547 1338 587 presentes
1354 541 1469 576 littere
1485 544 1733 589 peruenerint)

270 598 446 633 Robertus
458 598 684 634 miseracione
699 600 817 635 diuina
831 601 978 635 ecclesie
995 601 1227 647 Glasguensis
1239 602 1396 637 minister
1410 603 1547 638 humilis
1564 613 1573 640 Ι
1590 605 1734 639 salutem

266 658 300 692 in
320 658 473 693 Domino
492 660 737 706 sempiternam
761 682 766 687 -
792 661 972 696 Noueritis
1000 675 1062 696 nos
1089 663 1215 697 intuitu
1243 664 1396 698 caritatis
1413 673 1421 700 Ι
1439 665 1577 700 dedisse
1606 665 1734 701 Fratri-

265 719 328 754 bus
349 719 629 755 Predicatoribus
649 721 692 756 de
715 721 851 768 Glasgu
870 722 1001 757 fontem
1025 723 1205 770 quemdam
1224 732 1232 760 l
1249 724 1306 770 qui
1335 724 1462 759 dicitur
1491 725 1667 760 Meduwel
1696 727 1731 761 in

265 779 350 814 loco<
367 780 425 827 qui
452 780 577 815 dicitur
604 781 765 817 Denside
789 791 797 819 l
819 783 1065 818 scaturientem
1083 792 1091 820 Ι
1108 784 1141 818 in
1170 792 1375 831 perpetuum
1406 786 1669 821 conducendum
1698 788 1731 822 in

263 840 450 875 claustrum
469 842 637 877 dictorum
658 843 817 878 Fratrum
836 844 878 879 ad
904 857 983 879 vsus
1011 845 1226 879 necessarios
1254 846 1444 881 eorundem
1468 868 1473 873 -
1498 847 1538 881 In
1558 848 1655 882 cuius
1680 849 1732 883 rei

263 903 497 938 testimonium
513 912 522 940 l
539 904 689 951 sigillum
716 912 871 940 nostrum
901 906 1123 953 presentibus
1151 913 1204 941 est
1235 920 1425 954 appensum
1448 928 1453 934 ·
1478 908 1608 943 Datum
1640 910 1730 956 apud

791 969 803 982 0

266 963 403 1010 Glasgu
419 973 428 1000 l
444 978 534 1000 anno
562 965 704 1000 Domini
728 987 733 992 ·
757 979 788 1000 m

262 1024 405 1059 tembris
422 1046 426 1052 -

825 987 831 993 ·
854 970 927 1001 ccc⁰
949 988 954 992 ·
979 974 1101 1013 quarto
1123 976 1131 1003 1
1156 968 1393 1003 sextodecimo
1423 969 1591 1004 Kalendis
1615 991 1620 996 ·
1647 971 1729 1017 Sep-

263 1206 494 1241 Confirmacio
512 1214 607 1242 carte
627 1208 791 1256 Episcopi
810 1222 873 1256 per
896 1209 1093 1257 Capitulum
1118 1210 1341 1256 Glasguense

176 1328 209 1365 7·
263 1303 450 1370 Omnibus
470 1333 529 1367 has
548 1333 682 1368 litteras
702 1334 826 1369 visuris
845 1335 901 1369 vel
920 1335 1088 1370 audituris
1111 1357 1116 1363 ·
1142 1336 1340 1383 Capitulum
1365 1337 1597 1384 Glasguensis
1617 1339 1726 1374 eccle-

261 1394 310 1428 sie
327 1403 336 1430 l
353 1401 507 1429 eternam
527 1395 561 1429 in
582 1395 735 1430 Domino
754 1395 897 1430 salutem
921 1417 927 1422 ·
951 1396 1133 1431 Noueritis
1153 1410 1215 1431 nos
1235 1397 1369 1432 litteras
1388 1399 1599 1433 venerabilis
1618 1400 1727 1445 patris

259 1455 388 1489 domini
408 1455 517 1490 nostri
537 1456 684 1491 Roberti
704 1456 774 1491 Dei
801 1457 918 1502 gracia
940 1457 1173 1504 Glasguensis
1203 1458 1365 1506 Episcopi
1395 1472 1462 1493 non
1482 1459 1628 1494 abolitas
1658 1454 1725 1494 non

259 1517 465 1552 cancellatas
484 1530 549 1552 nec
563 1518 597 1552 in
613 1518 725 1565 aliqua
741 1519 791 1553 sui
810 1526 908 1566 parte
924 1519 1065 1554 viciatas
1080 1532 1164 1554 vero
1179 1520 1294 1566 sigillo
1313 1533 1375 1555 suo
1395 1521 1549 1567 signatas
1568 1522 1601 1555 in
1617 1522 1728 1557 forma

258 1591 324 1624 que
353 1581 508 1627 sequitur
535 1580 730 1627 inspexisse
752 1600 758 1606 ·
783 1601 788 1606 ·
814 1580 992 1615 OMNIBUS
1019 1587 1137 1615 sancte
1164 1581 1282 1615 matris
1310 1581 1457 1616 ecclesie
1478 1582 1556 1616 filiis
1579 1583 1621 1616 ad
1641 1596 1726 1629 quos

258 1647 440 1684 presentes
460 1641 575 1676 littere
594 1641 824 1688 peruenerint
840 1649 848 1676 l
867 1641 1043 1675 Robertus
1066 1641 1292 1676 miseracione
1313 1641 1430 1676 diuina
1454 1643 1602 1677 ecclesie
1625 1644 1727 1678 Glas-

259 1702 401 1745 guensis
432 1702 589 1736 minister
616 1702 754 1736 humilis
777 1701 856 1748 [etc
879 1706 918 1735 ut
943 1713 1064 1747 supra,
1086 1713 1142 1735 no.
1163 1699 1213 1746 6.]
1239 1722 1245 1728 ·
1269 1722 1275 1728 -
1300 1701 1381 1736 Nos
1401 1711 1511 1738 veros
1539 1703 1725 1750 capitulum

259 1769 483 1804 memoratum
500 1771 509 1798 Ι
526 1762 753 1796 donacionem
785 1762 976 1808 predictam
1004 1762 1038 1796 in
1066 1769 1133 1796 tam
1162 1762 1236 1808 pios
1264 1775 1346 1796 vsus
1371 1762 1519 1799 factam!
1551 1770 1659 1798 ratam
1691 1772 1725 1799 et

259 1821 390 1855 firmam
420 1822 589 1857 habentes
612 1831 620 1858 Ι
643 1835 717 1856 eam
740 1831 748 1858 l
770 1829 892 1856 tenore
924 1823 1142 1868 presencium
1160 1831 1168 1858 Ι
1185 1823 1428 1857 confirmamus
1451 1845 1456 1850 -
1480 1824 1520 1858 In
1557 1825 1654 1859 cuius
1674 1826 1723 1860 rei

261 1881 494 1916 testimonium
511 1892 520 1918 Ι
538 1895 717 1917 commune
734 1883 884 1928 sigillum
900 1883 1043 1929 capituli
1056 1882 1165 1917 nostri
1177 1882 1257 1917 huic
1271 1883 1399 1930 scripto
1416 1892 1424 1919 Ι
1442 1884 1583 1918 Fecimus
1598 1887 1724 1932 apponi

260 1962 265 1967 ·
290 1942 420 1976 Datum
435 1943 525 1989 apud
545 1943 681 1989 Glasgu
698 1952 706 1978 l
723 1943 779 1977 die
800 1943 900 1977 Lune
918 1952 925 1979 Ι
943 1943 977 1977 in
995 1943 1099 1978 Festo
1120 1944 1237 1978 Sancti
1257 1943 1495 1979 Bartholomei
1524 1946 1671 1992 apostoli
1695 1968 1699 1973 -

260 2016 349 2038 anno
369 2004 512 2038 Domini
535 2025 540 2031 ·
564 2008 610 2038 m⁰
632 2025 638 2030 -
661 2007 733 2038 ccc⁰
756 2025 762 2030 -
787 2004 943 2044 Quarto·
968 2024 973 2029 ·

260 2187 548 2234 Transsumptum
567 2187 723 2234 precepti
744 2186 853 2234 Regis
875 2187 1070 2222 Alexandri
1094 2209 1099 2214 ·

171 2316 204 2347 8.
259 2281 448 2349 Omnibus
474 2312 534 2347 has
561 2312 693 2346 litteras
715 2312 840 2346 visuris
858 2312 913 2346 vel
941 2312 1109 2347 audituris
1126 2321 1135 2349 l
1152 2313 1319 2348 Decanus
1338 2320 1373 2349 et
1394 2313 1591 2362 Capitulum
1616 2315 1717 2350 Glas-
