1922 2764
77 581 181 603 XXXV.

666 270 841 305 CARTE
872 269 1262 305 GLASGUENSES.
1625 275 1695 310 259

235 441 303 475 Pro
321 440 558 476 anniuersario
577 440 733 486 magistri
753 440 937 475 Michaelis
957 440 1130 487 Flemyng

236 535 292 600 ΙΝ
313 565 389 600 DEI
408 577 550 600 NOMINE
572 565 689 599 AMEN
719 577 781 612 per
799 565 864 600 hoc
882 565 1056 612 publicum
1075 565 1340 599 instrumentum
1360 571 1478 612 pateat
1495 566 1587 611 quod
1606 578 1695 600 anno

237 626 412 662 Cristiane
431 626 550 661 salutis
579 626 1166 673 millesimoquingentesimoquinto
1212 626 1364 661 Veneris
1391 626 1447 661 die
1466 640 1550 661 vero
1569 628 1696 662 mensis

235 687 360 734 Marcij
381 694 480 722 sexto
524 687 564 722 In
584 687 651 722 mei
678 687 803 734 notarij
832 687 959 734 publici
989 694 1024 722 et
1050 687 1189 722 testium
1217 687 1489 734 subscriptorum
1517 688 1697 734 presencia

236 747 399 783 Andreas
416 748 643 783 Hawistoune
658 748 761 782 heres
776 748 946 794 quondam
959 748 1129 784 Johannis
1144 748 1348 782 Hawistoun
1364 748 1448 783 ciuis
1465 748 1697 793 Glasguensis

235 815 271 844 et
298 809 445 844 Besseta
465 809 651 844 Witschaw
670 816 780 844 mater
799 809 881 844 dicti
904 809 1048 843 Andree
1068 822 1142 844 cum
1163 821 1334 844 consensu
1361 809 1531 845 ,Iohannis
1562 809 1704 844 Murref

234 869 398 917 armigeri
417 870 533 917 sponsi
563 870 698 917 prefate
719 870 864 905 Bessete
883 870 1119 905 vendiderunt
1136 883 1239 905 vnum
1259 883 1408 905 annuum
1429 871 1601 906 redditum
1621 878 1699 906 octo

236 931 422 966 solidorum
443 932 569 966 vsualis
588 939 726 966 monete
748 944 823 966 cum
850 932 1071 979 pertinentiis
1090 932 1133 967 de
1161 932 1308 979 quodam
1331 945 1462 979 aggere
1481 939 1575 967 terre
1594 933 1695 980 perti-

236 993 331 1040 nentj
360 993 570 1028 hereditarie
591 993 767 1028 Willelmo
795 993 1035 1040 Browynsyde
1059 993 1198 1039 jacente
1228 993 1260 1027 in
1281 994 1392 1028 crofta
1412 994 1537 1029 Sancte
1566 994 1698 1029 Tenew

236 1054 327 1089 inter
345 1060 456 1089 terras
474 1054 679 1090 vicariorum
698 1055 792 1090 chori
815 1055 1047 1102 Glasguensis
1075 1055 1117 1090 ab
1146 1055 1306 1090 orientali
1335 1061 1370 1090 et
1394 1062 1505 1090 terras
1525 1056 1696 1103 quondam

235 1115 405 1151 Johannis
439 1115 601 1151 Menteth
631 1117 673 1151 ab
704 1116 909 1151 occidentali
931 1116 1151 1153 [venerabili
1184 1123 1220 1151 et
1251 1117 1396 1164 egregio
1428 1117 1502 1151 viro
1533 1117 1698 1164 magistro

238 1176 403 1211 Michaeli
433 1176 607 1223 Flemyng
633 1177 866 1224 prebendario
886 1177 929 1212 de
949 1177 1166 1212 Alncrumbe
1185 1178 1350 1213 canonico
1372 1178 1585 1225 Glasguensi
1609 1200 1614 1205 -
1638 1192 1700 1226 pro

237 1251 368 1273 summa
386 1244 463 1273 octo
482 1251 671 1273 marcarum
690 1238 818 1273 vsualis
838 1246 975 1273 monete
994 1239 1096 1285 regni
1117 1239 1237 1274 Scocie
1259 1260 1265 1266 -
1290 1239 1410 1274 CUIUS
1429 1240 1567 1286 quidem
1596 1241 1699 1274 annui

237 1300 395 1335 redditus
414 1300 612 1347 sepedictus
632 1299 795 1334 Andreas
824 1306 859 1334 et
884 1300 1019 1347 prefata
1038 1299 1184 1334 Besseta
1211 1300 1369 1334 saisinam
1398 1301 1617 1336 tradiderunt
1635 1301 1700 1335 dis-

236 1367 332 1396 creto
352 1361 426 1396 viro
454 1361 618 1408 magistro
639 1360 815 1396 Willelmo
843 1361 983 1396 Broune
1003 1361 1181 1408 capellano
1209 1362 1428 1409 procuratori
1455 1375 1518 1410 pro
1545 1369 1700 1410 tempore

237 1422 442 1457 vicariorum
461 1422 557 1457 chori
578 1421 810 1469 Glasguensis
837 1422 872 1456 in
900 1430 1125 1469 augmentum
1145 1423 1274 1470 dimidij
1305 1423 1496 1470 capellanie
1523 1437 1586 1471 per
1626 1437 1701 1471 pre-

235 1484 341 1519 fatum
361 1483 563 1531 magistrum
578 1483 789 1518 Michaelem
808 1483 843 1518 in
860 1483 969 1518 Bassa
987 1484 1147 1518 Ecclesia
1166 1484 1379 1531 Glasguensi
1399 1485 1441 1519 ad
1460 1485 1568 1520 altare
1586 1486 1700 1532 Sanctj

238 1545 398 1592 Nicholaj
427 1544 635 1580 confessoris
666 1544 1072 1581 fundatelREDDENDo
1104 1545 1184 1580 inde
1213 1546 1388 1580 annuatim
1419 1546 1499 1593 dictj
1520 1546 1637 1593 vicarij
1669 1553 1703 1581 et

238 1619 457 1642 successores
484 1606 534 1653 suj
567 1606 778 1653 pauperibus
808 1606 956 1653 leprosis
983 1606 1017 1640 in
1051 1606 1262 1653 Leprosario
1284 1606 1400 1642 &ancti
1434 1606 1574 1654 Ninianj
1608 1614 1703 1642 trans

240 1668 386 1702 Pontem
408 1667 667 1714 Glasguensem
686 1667 898 1714 degentibus
917 1673 976 1702 aut
1002 1667 1217 1715 procuratorj
1239 1668 1429 1702 eorundem
1452 1689 1458 1694 ·
1480 1668 1513 1702 in
1534 1668 1589 1702 die
1609 1668 1698 1702 anni-

239 1729 393 1764 uersario
420 1729 651 1776 deposicionis
678 1729 825 1776 predictj
855 1729 1008 1776 magistrj
1039 1729 1224 1763 Michaelis
1249 1736 1283 1764 et
1302 1736 1482 1777 parentum
1511 1743 1650 1764 suorum
1669 1729 1702 1764 in

240 1790 399 1825 Ecclesia
420 1789 694 1837 Metropolitana
715 1790 930 1837 Glasguensi
947 1799 955 1826 1
973 1790 1147 1824 annuatim
1167 1790 1379 1825 celebrando
1406 1791 1557 1838 quinque
1577 1791 1704 1825 solidos

241 1850 368 1885 vsualis
386 1858 524 1885 monete
548 1871 553 1877 ·
576 1863 713 1885 necnon
733 1851 876 1886 sacriste
896 1851 1019 1885 minori
1038 1851 1232 1898 prescripte
1252 1852 1398 1886 ecclesie
1418 1864 1481 1899 pro
1500 1864 1613 1886 annua
1631 1852 1704 1899 pul-

241 1911 373 1946 satione
408 1923 649 1958 campanarum
684 1911 718 1946 in
755 1912 891 1959 prefato
930 1912 986 1946 die
1027 1912 1264 1946 anniuersario
1292 1933 1297 1939 ·
1326 1912 1507 1947 duodecim
1543 1913 1704 1947 denarios

241 1972 415 2007 annuatim
438 1993 444 1999 ·
468 1972 560 2007 Acta
587 1979 687 2007 erant
711 1972 777 2007 hec
803 1973 894 2008 intra
913 1973 1088 2008 ciuitatem
1111 1973 1370 2019 Glasguensem
1399 1974 1620 2020 presentibus
1639 1974 1704 2008 dis-

241 2034 345 2068 cretis
364 2033 447 2068 viris
465 2033 625 2070 Johanne
646 2033 774 2068 Nichol
793 2034 979 2081 sergiando
999 2034 1091 2070 dicte
1106 2035 1256 2069 ciuitatis
1277 2048 1339 2082 pro
1358 2041 1514 2082 tempore
1535 2035 1705 2070 Nicholao

242 2095 360 2130 Broun
380 2101 415 2130 et
435 2094 611 2129 Willelmo
630 2094 846 2142 Brownsyde
862 2096 1010 2131 testibus
1032 2117 1038 2122 ·
1063 2095 1259 2132 Cuthberto
1278 2096 1439 2143 Symonis
1454 2097 1581 2132 clerico
1603 2096 1704 2132 Glas-

240 2156 382 2202 guensis
401 2155 549 2192 diocesis
568 2156 702 2191 notario
721 2156 858 2204 publico
880 2178 886 2183 -
