1922 2764
213 248 258 279 84
535 244 690 279 LIBER
716 244 965 280 ECCLESIE
994 244 1333 281 COLLEGIATE

214 342 298 389 Hog
315 350 324 378 l
340 354 415 376 cum
438 354 609 377 consensu
637 342 817 377 Elizabeth
839 343 1072 377 Androsoune
1100 354 1224 388 sponse
1252 341 1358 388 ipsius
1378 340 1518 375 Ricardi
1538 347 1572 375 et
1591 341 1667 375 Ali-

212 415 295 437 sone
319 403 482 438 Gibbone
510 415 635 450 sponse
662 403 768 450 ipsius
790 403 960 450 Georgii!
979 403 1170 437 existentes
1196 402 1230 435 in
1257 407 1346 436 statu
1366 407 1401 435 et
1419 401 1544 435 saisina
1568 401 1668 436 here-

212 463 343 497 ditariis
358 463 457 498 vnius
476 476 554 498 acre
569 469 662 498 terre
682 463 882 509 campestris
897 463 1044 510 jacentis
1063 475 1166 508 super
1185 462 1230 496 lie
1249 461 1430 496 Deneside
1449 461 1540 496 inter
1558 468 1668 496 terras

212 524 381 570 quondam
400 524 569 560 Johannis
588 524 715 570 Ingliss
732 537 776 558 ex
791 523 995 558 occidentali
1015 528 1050 557 et
1066 522 1194 558 Jonete
1214 521 1435 556 Makculloch
1451 534 1495 555 ex
1510 521 1668 556 orientali

211 585 366 631 partibus
384 584 518 618 diuisim
536 593 544 620 Ι
560 584 724 618 videlicet
740 593 748 620 l
765 584 846 618 dicti
876 583 1044 618 Ricardus
1072 588 1107 617 et
1134 582 1337 616 Elizabethe
1356 582 1522 629 coniuges
1548 582 1583 616 in
1602 594 1670 616 vna

212 645 433 680 dimedietate.
452 645 543 679 dicte
562 657 640 679 aere
660 653 753 678 terre
772 644 805 678 in
826 643 1009 678 coniuncta
1026 642 1260 677 infeodatione
1280 642 1327 677 Et
1340 642 1422 677 dicti
1441 642 1617 689 Georgius
1633 648 1669 676 et

214 705 361 739 Alisona
377 705 411 739 in
431 705 540 739 altera
557 704 779 739 dimedietate
799 704 889 738 dicte
914 716 992 738 acre
1017 708 1110 738 terre
1138 703 1170 736 in
1200 703 1383 737 coniuncta
1409 703 1641 737 infeodatione
1659 712 1667 739 Ι

211 766 377 812 prefatam
405 778 515 800 acram
543 771 636 799 terre
663 764 798 798 diuisim
819 770 855 798 vt
882 763 1110 810 supradicitur
1136 763 1170 796 in
1198 763 1353 797 manibus
1379 763 1524 798 Henrici
1554 763 1668 797 Robe-

213 838 296 860 sone
318 826 502 872 burgensis
525 825 755 871 Glasguensis
781 824 899 858 balliui
926 824 960 857 in
988 824 1051 858 hac
1078 829 1175 870 parte
1195 823 1403 858 venerabilis
1422 824 1487 858 viri
1512 823 1667 870 magistri

211 885 332 922 Jacobi
354 886 560 920 Houstoune
580 885 766 919 subdecani
783 894 791 921 s
808 885 840 918 in
858 885 1011 919 fauorem
1026 884 1108 919 dicti
1128 884 1281 930 magistri
1296 884 1418 920 Jacobi
1433 885 1619 919 subdecani
1634 891 1670 919 et

213 959 349 980 suorum
378 946 628 992 assignatorum
656 945 856 992 simpliciter
883 945 1129 991 resignarunt!
1149 945 1228 985 Qua
1246 945 1481 991 resignatione
1507 945 1554 980 sic
1579 946 1668 979 facta

212 1006 302 1040 idem
329 1006 475 1040 balliuus
503 1011 627 1040 statum
655 1012 690 1039 et
717 1005 875 1039 saisinam
902 1005 1130 1040 hereditarios
1158 1006 1291 1052 prefate
1317 1018 1395 1040 acre
1418 1012 1511 1040 terre
1531 1006 1668 1040 domino

213 1067 359 1101 Andree
381 1066 537 1101 Skeoche
552 1066 758 1112 presbytero
772 1066 986 1112 procuratori
1006 1065 1112 1113 ipsius
1126 1065 1281 1112 magistri
1296 1066 1417 1101 Jacobi
1433 1066 1618 1100 subdecani
1634 1072 1668 1100 et

211 1127 461 1173 assignatorum
482 1126 634 1160 eiusdem
653 1139 715 1173 per
733 1132 826 1161 terre
846 1133 881 1161 et
899 1126 1020 1173 lapidis
1039 1126 1259 1161 traditionem
1274 1126 1500 1161 deliberauit·
1522 1127 1668 1161 Presen—

211 1188 303 1222 tibus
323 1187 465 1221 Matheo
486 1186 623 1221 Walcar
642 1195 677 1221 et
698 1187 853 1221 Roberto
874 1186 1003 1221 Allann
1027 1208 1033 1213 ·
1057 1187 1124 1221 ET
1150 1187 1260 1222 EGO
1278 1187 1456 1223 ,lohannes
1480 1187 1668 1222 Moresone

211 1249 395 1295 presbyter
417 1247 648 1294 Glasguensis
667 1247 814 1282 diocesis
838 1247 995 1294 publicus
1015 1260 1111 1282 sacra
1128 1248 1332 1282 auctoritate
1353 1247 1556 1295 Apostolica
1574 1254 1668 1282 nota-

211 1309 282 1343 rius
335 1308 427 1349 Quia
457 1307 553 1355 [eta]
580 1317 589 1345 l
614 1308 809 1343 EISDEM
836 1308 892 1343 die
920 1313 955 1343 et
982 1321 1099 1343 mense
1119 1313 1154 1343 et
1172 1321 1285 1343 coram
1304 1308 1450 1343 testibus
1468 1309 1669 1356 prescriptis

211 1370 364 1416 prefatus
390 1369 538 1403 balliuus
556 1369 701 1403 accessit
724 1369 767 1403 ad
785 1381 885 1403 vnam
905 1381 1017 1404 acram
1044 1375 1137 1403 terre
1160 1369 1334 1415 jacentem
1362 1369 1395 1403 in
1423 1369 1467 1403 lie
1487 1369 1667 1404 Deneside

211 1430 301 1464 inter
320 1436 430 1464 terras
456 1429 580 1476 prefati
607 1429 761 1475 magistri
778 1429 801 1465 J
804 1430 900 1464 acobi
919 1442 963 1464 ex
982 1429 1140 1464 orientali
1160 1436 1195 1463 et
1213 1435 1323 1464 terras
1341 1429 1530 1476 capellanie
1552 1430 1668 1464 Sancti

213 1490 396 1524 Michaelis
416 1502 459 1525 ex
479 1490 683 1524 occidentali
709 1490 864 1536 partibus
881 1498 890 1526 l
907 1490 953 1524 Et
979 1490 1106 1524 ibidem
1127 1502 1190 1536 per
1209 1496 1302 1524 terre
1321 1496 1357 1524 et
1374 1490 1497 1536 lapidis
1516 1490 1669 1524 traditio-

213 1563 291 1585 nem
319 1556 442 1584 statum
465 1556 500 1584 et
522 1550 679 1584 saisinam
706 1550 936 1585 hereditarios
962 1550 1154 1597 prescripte
1182 1563 1260 1585 acre
1287 1556 1380 1584 terre
1403 1550 1565 1585 Gilberto
1586 1551 1669 1584 Wil-

214 1623 321 1645 soune
336 1617 495 1657 tanquam
514 1610 634 1644 heredi
650 1616 685 1645 et
703 1610 902 1657 proximiori
918 1611 961 1645 de
977 1610 1145 1657 sanguine-
1164 1611 1335 1657 quondam
1352 1610 1521 1646 ,Iohannis
1542 1611 1669 1658 Ingliss

212 1671 396 1717 burgensis
415 1671 458 1705 de
480 1671 615 1717 Glasgu
634 1671 841 1705 deliberauit
857 1680 866 1707 Ι
882 1671 930 1705 Et
955 1671 1067 1705 statim
1086 1671 1175 1706 idem
1199 1671 1380 1706 Gilbertus
1399 1671 1599 1718 simpliciter
1617 1685 1670 1706 re-

214 1731 364 1778 signauit
380 1731 574 1765 huiusmodi
593 1743 705 1765 acram
724 1737 817 1766 terre
836 1731 870 1765 in
894 1731 1048 1766 manibus
1074 1731 1199 1778 prefati
1225 1731 1343 1766 balliui
1362 1731 1394 1765 in
1413 1731 1565 1766 fauorem
1594 1745 1670 1779 pre-

214 1792 295 1827 dicti
322 1792 476 1838 magistri
495 1792 615 1827 Jacobi
643 1792 826 1826 Houstone
846 1792 1032 1827 subdecani
1055 1792 1286 1839 Glasguensis
1303 1801 1312 1829 l
1330 1792 1410 1833 Qua
1434 1793 1669 1839 resignatione

215 1853 263 1887 sic
282 1854 370 1887 facta
396 1853 486 1887 idem
514 1852 662 1887 balliuus
689 1858 813 1887 statum
833 1859 868 1887 et
886 1853 1044 1887 saisinam
1071 1852 1299 1887 hereditarios
1325 1852 1458 1899 prefate
1482 1866 1559 1888 acre
1578 1859 1672 1888 terre

215 1926 277 1960 per
301 1919 394 1947 terre
422 1918 457 1947 et
482 1912 606 1960 lapidis
632 1913 851 1947 traditionem
879 1913 1074 1960 prescripto
1100 1913 1265 1960 magistro
1282 1913 1414 1949 Jacobo
1434 1913 1618 1948 Houstone
1637 1921 1673 1949 et

215 1973 284 2007 suis
314 1973 500 2007 heredibus
532 1978 567 2007 et
593 1973 775 2019 assignatis
805 1986 868 2020 pro
894 1979 990 2008 certa
1020 1986 1149 2008 summa
1179 1974 1326 2020 pecunie
1356 1974 1419 2008 sibi
1450 1986 1513 2020 per
1544 1974 1670 2009 dictum

215 2033 415 2079 magistrum
441 2033 608 2068 Jacobum
637 2033 774 2080 integre
804 2034 981 2080 persoluta
1008 2034 1215 2068 (leliberauit
1236 2054 1242 2060 -
1265 2033 1333 2068 ET
1362 2033 1469 2069 EGO
1494 2034 1673 2070 Johannes

217 2092 405 2127 Moresone
423 2093 609 2139 presbyter
631 2093 861 2140 Glasguensis
880 2094 1027 2129 diocesis
1046 2094 1204 2141 publicus
1223 2107 1318 2129 sacra
1336 2094 1539 2129 auctoritate
1560 2094 1672 2142 Apos-

217 2152 319 2186 tolica
336 2153 488 2187 notarius
542 2153 633 2193 Quia
655 2152 751 2199 [eta]
