1922 2764
301 141 347 171 40
624 137 779 173 LIBER
806 138 1054 175 ECCLESIE
1083 139 1422 175 COLLEGIATE

299 235 375 269 dam
407 235 658 281 presentabunt
684 236 898 283 capellanum
925 249 985 271 seu
1013 236 1279 283 prebendarium
1309 236 1484 282 ydoneum
1514 235 1603 269 infra
1630 235 1751 282 viginti

306 295 380 329 dies
398 301 477 341 post
494 295 585 330 illius
604 296 817 331 vacationem
834 305 843 333 l
859 297 916 344 qui
942 296 1149 331 ministrabit
1166 296 1199 330 in
1220 296 1311 331 dicta
1328 295 1487 330 Ecclesia
1507 295 1702 342 Collegiata
1718 302 1757 331 vt

298 355 355 389 alii
381 356 602 402 prebendarii
627 356 676 391 Et
701 357 828 392 ibidem
846 357 1037 392 celebrabit
1053 356 1170 391 diuina
1195 356 1284 390 infra
1301 356 1447 390 eandem
1473 361 1509 390 et
1534 356 1751 402 personalem

298 415 402 449 faciet
427 416 649 451 residentiam
676 417 764 451 infra
783 417 956 452 ciuitatem
979 417 1235 463 Glasguensem
1252 425 1260 451 l
1278 415 1325 450 Et
1343 416 1422 450 dum
1442 415 1628 463 dispositus
1646 417 1751 452 fuerit

298 475 410 510 indies
442 476 631 512 celebrabit
661 483 697 512 et
726 477 814 524 piam
850 477 1207 512 commemorationem
1238 476 1342 511 faciet
1375 489 1438 523 pro
1469 476 1580 511 anima
1609 490 1686 512 mea
1716 485 1752 513 et

299 535 474 571 animabus
502 537 659 584 superius
687 538 897 585 expressatis
924 544 959 572 et
985 538 1134 571 omnium
1160 537 1310 571 fidelium
1336 537 1492 572 vinorum
1516 550 1555 573 ac
1573 538 1750 573 defuncto-

298 608 372 630 rum
389 605 398 632 Ι
413 596 462 631 Et
479 597 506 632 si
525 597 637 632 dictus
657 598 853 645 capellanus
881 610 942 632 seu
968 597 1218 643 prebendarius
1246 597 1422 632 institutus
1441 598 1483 632 ad
1502 598 1647 633 eandem
1674 611 1750 645 pre-

298 656 445 691 bendam
477 670 539 704 per
570 670 624 692 me
651 664 710 692 aut
739 664 902 704 patronos
934 658 1148 704 supradictos
1176 670 1212 692 se
1239 658 1474 693 absentauerit
1501 671 1519 693 a
1546 658 1688 693 seruitio
1715 666 1750 694 et

296 717 591 752 administratione
610 718 644 752 in
660 718 751 753 dicta
769 718 958 765 capellania
976 731 1037 752 seu
1055 718 1234 764 prebenda
1249 726 1257 754 l
1274 718 1352 753 volo
1367 719 1457 765 quod
1476 719 1549 766 ipse
1565 719 1749 754 absentans

298 789 334 811 se
365 778 540 823 persoluat
570 791 692 824 penam
724 791 786 825 pro
818 778 887 812 suis
914 778 1106 813 defectibus
1138 779 1226 813 sicut
1256 779 1379 825 reliqui
1409 779 1629 826 prebendarii
1657 781 1748 815 dicte

297 838 443 873 ecclesie
458 839 662 885 persoluunt
677 839 723 873 Et
737 839 827 885 quod
848 840 922 886 ipse
937 839 1135 886 capellanus
1150 839 1334 874 mucltetur
1349 840 1382 874 in
1402 840 1500 886 penis
1520 841 1607 875 sicut
1625 841 1749 888 reliqui

294 900 516 945 prebendarii
534 900 625 935 dicte
645 901 791 935 ecclesie
809 910 817 936 l
836 900 1064 935 Reseruaudo
1091 900 1192 935 michi
1220 900 1456 947 quoaduixero
1481 901 1694 947 punitionem
1714 908 1749 936 et

296 960 497 995 mulcturam
515 960 549 994 in
568 961 744 1007 premissis
761 969 769 997 Ι
786 961 833 995 Et
851 961 940 1007 quod
961 961 1159 1008 capellanus
1178 974 1239 1008 per
1258 974 1311 995 me
1330 961 1508 996 institutus
1527 974 1588 996 seu
1606 975 1747 1008 presen-

295 1026 385 1054 tatus
412 1033 479 1055 non
508 1021 552 1055 sit
578 1021 619 1055 ad
646 1021 812 1067 premissa
838 1021 998 1056 astrictus
1025 1021 1090 1056 nisi
1118 1021 1330 1056 solummodo
1357 1022 1448 1068 quod
1475 1022 1665 1057 celebrabit
1690 1023 1747 1057 ad-

294 1080 405 1114 minus
423 1081 542 1115 missas
556 1086 628 1116 tres
646 1081 678 1115 in
698 1081 914 1115 hebdomada
931 1082 965 1115 in
981 1081 1072 1116 dicta
1090 1082 1249 1116 Ecclesia
1265 1081 1462 1129 Collegiata
1476 1082 1555 1116 dum
1575 1083 1748 1118 aduixerit

294 1141 341 1175 Et
359 1148 436 1188 post
454 1141 527 1176 eius
552 1142 730 1176 decessum
758 1142 831 1188 ipse
859 1142 1057 1189 capellanus
1085 1155 1145 1177 seu
1172 1143 1423 1189 prebendarius
1450 1143 1540 1178 dicte
1568 1144 1745 1190 prebende

292 1215 354 1248 pro
374 1208 529 1248 tempore
549 1202 703 1236 existens
730 1209 808 1249 post
827 1202 900 1237 eius
918 1203 1098 1238 decessum
1118 1203 1269 1237 cantabit
1291 1203 1324 1237 in
1345 1203 1435 1238 dicta
1453 1203 1612 1238 Ecclesia
1632 1204 1746 1239 Colle-

293 1263 386 1309 giata
410 1262 509 1297 sicuti
537 1262 660 1309 reliqui
689 1263 910 1309 prebendarii
929 1263 1019 1298 dicte
1040 1264 1187 1298 ecclesie
1206 1263 1335 1298 Faciunt
1363 1276 1425 1311 per
1445 1264 1557 1298 onmia
1573 1273 1581 1300 l
1599 1265 1746 1311 Insuper

292 1323 371 1357 volo
390 1329 425 1358 et
443 1323 564 1357 ordino
583 1323 757 1358 dominum
775 1324 943 1359 Jacobum
964 1323 1155 1359 Cauldwell
1182 1337 1295 1359 meum
1317 1325 1587 1371 consanguinem
1613 1325 1687 1359 fore
1711 1331 1745 1360 et

293 1397 370 1419 esse
396 1384 542 1431 primum
561 1385 775 1431 capellanum
804 1398 865 1419 seu
892 1385 1156 1431 prebendarium
1177 1385 1268 1419 dicte
1287 1385 1464 1431 prebende
1493 1392 1527 1420 et
1553 1386 1746 1432 presentari

292 1446 335 1479 ad
353 1445 497 1479 eandem
516 1451 593 1491 post
621 1458 732 1479 meum
751 1445 931 1480 decessum
958 1445 1142 1480 deficiente
1170 1446 1428 1492 presentationc
1456 1459 1518 1492 pcr
1545 1459 1599 1481 me
1619 1446 1682 1481 sibi
1701 1447 1744 1481 dc

293 1505 412 1540 eadem
432 1506 643 1540 conferendo
660 1514 668 1541 l
686 1506 853 1540 Preterca
871 1506 982 1540 dictus
1001 1506 1197 1552 capellanus
1217 1518 1277 1540 seu
1299 1506 1549 1552 prebendarius
1576 1513 1744 1541 sustenta-

290 1565 341 1600 bit
358 1566 476 1600 domos
495 1572 530 1600 et
549 1565 683 1600 edificia
709 1566 941 1613 suprascripta
959 1566 1006 1600 sic
1025 1566 1115 1612 quod
1143 1566 1236 1600 nulla
1254 1566 1396 1600 facultas
1424 1579 1485 1601 seu
1512 1573 1664 1614 potestas
1687 1568 1745 1602 ali-

294 1627 419 1661 enandi
443 1639 503 1660 seu
522 1626 563 1660 ad
584 1626 808 1661 feudifirmam
828 1626 1022 1660 dimittendi
1049 1626 1242 1660 huiusmodi
1269 1627 1388 1660 domos
1415 1626 1548 1661 edificia
1575 1633 1685 1662 terras
1712 1634 1747 1662 et

291 1693 489 1721 tenementa
520 1686 583 1720 sibi
614 1687 844 1733 prebendario
875 1687 1045 1721 tribuatur
1074 1686 1176 1727 Quod
1211 1687 1239 1720 si
1270 1699 1369 1721 secus
1396 1687 1519 1721 factum
1548 1688 1652 1722 fuerit
1682 1701 1744 1734 pro

289 1747 416 1781 nichilo
440 1747 634 1781 habeatur·
659 1746 751 1781 Volo
780 1747 880 1781 etiam
911 1753 946 1781 et
974 1746 1095 1781 ordino
1124 1747 1215 1793 quod
1242 1746 1437 1781 huiusmodi
1467 1748 1655 1794 capellania
1683 1762 1743 1783 seu

287 1808 466 1854 prebenda
483 1819 608 1842 vacans
635 1813 712 1854 post
737 1820 848 1841 meum
869 1807 998 1841 obitum
1016 1815 1024 1842 l
1040 1807 1110 1841 filio
1136 1807 1321 1854 burgensis
1341 1807 1489 1841 ciuitatis
1512 1807 1743 1854 Glasguensis

289 1874 324 1902 et
342 1868 521 1914 signanter
539 1867 582 1901 de
601 1880 678 1901 meo
697 1867 902 1913 cognomine
931 1867 956 1901 si
984 1867 1142 1914 ydoneus
1169 1873 1328 1914 repertus
1354 1868 1459 1902 fuerit
1486 1868 1682 1903 conferatur
1710 1877 1744 1903 et

289 1928 388 1962 alteri
416 1928 609 1974 preferatur
626 1936 634 1963 l
651 1928 698 1962 Et
723 1928 749 1962 si
777 1927 853 1962 talis
880 1940 948 1962 non
971 1927 1147 1962 inuenitur
1165 1927 1245 1962 volo
1263 1928 1355 1974 quod
1381 1928 1503 1963 melius
1530 1929 1743 1975 qualificatus

288 1989 330 2022 ad
349 1988 492 2022 eandem
511 1988 735 2035 capellaniam
754 2000 814 2022 scu
834 1988 1044 2034 prebendam
1063 2001 1125 2034 per
1144 1988 1254 2022 dictos
1273 1995 1436 2035 patronos
1460 1995 1682 2035 presentetur
1709 1996 1743 2024 et

290 2047 482 2081 huiusmodi
502 2047 691 2094 capellania
709 2048 820 2082 eidem
841 2047 1037 2082 conferatur
