1922 2764
636 255 675 289 B.
704 255 751 289 V.
780 254 948 289 MARIE
978 253 1045 288 ET
1074 254 1108 288 S.
1139 253 1296 288 ANNE.
1647 259 1693 294 99

239 352 367 386 tionem
398 351 604 386 deliberauit
626 360 635 388 Ι
659 351 705 386 Et
734 351 799 386 hoc
828 363 891 398 pro
919 357 1013 385 certa
1044 363 1172 384 summa
1204 351 1350 397 pecunie
1378 351 1477 385 dictis
1504 351 1631 387 Jonete
1659 358 1695 386 et

242 412 381 447 Helene
412 425 474 459 per
504 411 674 459 prefatum
705 412 906 458 magistrum
938 411 1104 447 Jacobum
1138 411 1330 445 deliberata
1357 432 1362 437 ·
1393 411 1518 446 Coram
1548 412 1694 447 testibus

240 473 481 519 suprascriptis
503 493 509 498 ·
533 472 600 507 ET
626 472 736 508 EGO
765 472 918 507 Michael
936 472 1110 518 Flemyng
1128 471 1275 506 clericus
1296 471 1528 517 Glasguensis
1547 472 1694 506 diocesis

242 533 445 579 Apostolica
462 539 498 567 et
515 533 689 579 Imperiali
709 532 969 568 auctoritatibus
987 532 1141 567 notarius
1160 531 1317 578 publicus
1370 531 1463 572 Quia
1484 530 1579 578 [eta]

240 681 311 746 IN
336 711 426 745 DEI
451 711 588 746 nomine
609 712 723 747 Amen
747 733 752 738 ·
778 712 845 747 Per
872 712 936 746 hoc
953 712 1127 759 publicum
1146 711 1412 746 instrumentum
1432 710 1564 744 cunctis
1582 716 1698 756 pateat

241 772 332 819 quod
350 784 440 806 anno
460 772 706 807 incarnationis
724 772 909 807 Dominice
929 772 1108 806 millesimo
1123 771 1402 818 quingentesimo
1418 770 1698 817 trigesimosexto

241 832 369 867 mensis
386 845 470 866 vero
489 832 697 867 Decembris
716 833 771 867 die
790 833 1027 867 decimosexto
1044 841 1052 868 l
1069 832 1107 866 In
1128 832 1196 866 mei
1215 831 1338 866 notarii
1360 831 1487 878 publici
1507 837 1542 865 et
1559 830 1699 865 testium

243 892 510 940 subscriptorum
545 892 722 939 presentia
755 893 985 939 personaliter
1017 892 1204 927 constituta
1237 892 1383 939 prouida
1416 891 1539 926 mulier
1573 891 1701 927 Joneta

245 953 331 988 Blak
350 953 470 988 relicta
487 954 658 1000 quondam
678 953 813 988 Thome
833 953 915 988 Law
935 966 1002 988 vna
1020 953 1187 988 heredum
1206 953 1378 999 quondam
1396 952 1553 998 magistri
1571 952 1700 987 Johan-

243 1013 296 1047 nis
315 1013 402 1048 Blak
418 1023 427 1050 l
444 1014 598 1049 existens
616 1014 650 1048 in
667 1019 756 1048 statu
773 1020 807 1048 et
822 1013 947 1048 saisina
961 1014 1062 1048 vnius
1077 1012 1308 1048 dimedietatis
1323 1012 1514 1047 tenementi
1529 1025 1604 1047 cum
1624 1025 1700 1059 per-

243 1073 398 1108 tinentiis
413 1074 561 1120 jacentis
575 1074 610 1108 in
625 1074 764 1109 ciuitate
783 1074 997 1120 Glasguensi
1019 1074 1068 1120 [in
1084 1071 1153 1118 via]
1171 1073 1339 1108 tendente
1355 1085 1374 1107 a
1389 1072 1504 1108 Cruce
1523 1073 1639 1107 Forali
1658 1073 1701 1107 ad

246 1133 383 1168 Portam
412 1134 611 1169 Australem
639 1134 791 1169 eiusdem
812 1147 856 1168 ex
875 1134 1034 1168 orientali
1060 1140 1159 1181 parte
1178 1133 1245 1168 vici
1267 1134 1358 1168 inter
1377 1140 1488 1168 terras
1516 1133 1701 1167 Beatarum

245 1193 358 1229 Marie
391 1194 550 1241 Virginis
586 1202 622 1229 et
652 1195 758 1229 Anne
793 1195 910 1229 matris
942 1194 1016 1229 eius
1046 1207 1091 1229 ex
1120 1194 1251 1229 boreali
1283 1200 1319 1228 et
1349 1200 1459 1228 terras
1492 1193 1701 1239 Kentigerni

246 1254 429 1289 Haustonc
457 1267 501 1289 ex
527 1254 667 1289 australi
697 1254 852 1301 partibus
877 1263 885 1291 Ι
908 1255 1066 1289 vendidit
1092 1260 1225 1301 septem
1257 1254 1384 1288 solidos
1411 1254 1515 1288 annui
1546 1253 1702 1288 redditus

245 1314 336 1349 dicte
361 1314 592 1350 dimedietatis
618 1315 809 1349 tenementi
828 1315 1019 1349 venerabili
1041 1315 1116 1348 viro
1144 1314 1306 1361 magistro
1333 1314 1464 1349 Jacobo
1494 1313 1702 1348 Houstoune

245 1375 442 1410 subdecano
460 1375 673 1422 Glasguensi
692 1381 728 1410 et
746 1375 815 1410 suis
834 1375 1113 1422 procuratoribus
1134 1381 1168 1410 et
1186 1374 1370 1420 assignatis
1387 1382 1396 1410 l
1414 1374 1494 1415 Que
1509 1387 1593 1408 vero
1612 1374 1703 1408 dicta

244 1435 266 1471 J
269 1443 372 1470 oneta
400 1436 593 1483 resignauit
623 1436 750 1470 dictum
782 1448 932 1470 annuum
964 1435 1136 1470 redditum
1166 1435 1201 1469 in
1232 1435 1388 1469 manibus
1420 1434 1557 1469 Patricii
1589 1434 1702 1468 Lione

246 1496 346 1531 vuius
380 1496 584 1531 balliuorum
615 1497 706 1531 dicte
737 1496 886 1531 ciuitatis
921 1496 1151 1542 Glasguensis
1182 1495 1217 1529 iu
1247 1495 1400 1529 fauorem
1432 1494 1515 1529 dicti
1549 1494 1704 1541 magistri

245 1557 267 1592 J
270 1557 367 1591 acobi
389 1577 395 1583 ·
420 1557 500 1598 Qua
517 1557 752 1603 resignatione
772 1557 820 1591 sic
838 1557 927 1591 facta
945 1557 1036 1591 idem
1054 1556 1202 1590 balliuus
1221 1562 1345 1590 statum
1365 1561 1400 1589 et
1418 1554 1577 1589 saisinam
1597 1554 1703 1589 dicto-

246 1630 320 1651 rum
340 1623 473 1664 septem
491 1617 678 1652 solidorum
695 1617 800 1652 annui
819 1617 975 1652 redditus
994 1616 1132 1651 domino
1152 1615 1366 1650 Archibaldo
1387 1615 1557 1661 Wylsoun
1582 1627 1704 1661 procu-

247 1679 352 1713 ratori
370 1678 453 1713 dieti
479 1679 633 1725 magistri
650 1678 773 1715 Jacobi
791 1691 854 1725 per
878 1678 922 1712 lie
941 1678 1027 1724 hesp
1046 1683 1082 1711 et
1100 1676 1214 1723 stapill
1234 1682 1270 1710 vt
1288 1676 1392 1709 moris
1412 1680 1465 1709 est
1483 1675 1701 1709 traditionem

247 1739 412 1776 tradidit!
430 1739 476 1774 Et
494 1739 605 1774 statim
625 1739 737 1774 dictus
758 1739 916 1773 dominus
937 1737 1170 1772 Archibaldus
1198 1736 1327 1770 dictum
1354 1747 1504 1769 annuum
1530 1734 1702 1768 redditum

247 1800 281 1833 in
298 1800 453 1834 manibus
466 1800 615 1847 predicti
628 1800 743 1834 balliui
760 1799 794 1834 in
808 1799 960 1834 fauorem
974 1797 1102 1832 domini
1116 1796 1238 1833 Jacobi
1253 1795 1402 1830 Cowane
1418 1794 1554 1829 nomine
1570 1794 1702 1840 prefate

251 1860 352 1895 Noue
369 1860 564 1907 Collegiate
585 1860 742 1895 Ecclesic
765 1859 966 1906 [Beatarum
988 1857 1099 1892 Marie
1115 1856 1274 1902 Virginis
1294 1854 1343 1899 et]
1368 1854 1473 1888 Anne
1492 1854 1609 1888 matris
1629 1853 1702 1888 eius

248 1921 440 1967 resignauit
460 1941 466 1946 ·
491 1920 717 1955 Presentibus
743 1920 871 1954 ibidem
896 1918 1056 1955 ‚Iohanne
1086 1917 1223 1951 Walcar
1242 1922 1277 1950 et
1294 1915 1454 1951 ,Iohanne
1480 1914 1673 1948 Neilsoune
1696 1935 1701 1940 ·

250 1980 317 2015 ET
340 1981 448 2016 EGO
467 1981 620 2016 Michael
638 1981 811 2027 Flemyng
829 1979 974 2014 clericus
997 1976 1227 2023 Glasguensis
1246 1975 1392 2010 diocesis
1411 1974 1569 2021 publicus
1590 1974 1703 2020 Apos-

249 2041 352 2075 tolica
369 2047 405 2076 et
423 2041 597 2088 Imperiali
615 2040 875 2075 auctoritatibus
893 2038 1047 2073 notarius
1101 2036 1193 2077 Quia
1214 2033 1309 2082 [eta]

252 2191 322 2255 IN
348 2220 439 2255 DEI
464 2221 602 2255 nomine
623 2219 737 2254 Amen
761 2239 766 2244 -
792 2218 858 2252 Per
879 2217 945 2251 hoc
962 2215 1137 2263 publicum
1155 2215 1420 2249 instrumentum
1439 2213 1571 2247 cunctis
1590 2217 1706 2259 pateat

252 2280 343 2326 quod
361 2293 451 2315 anno
468 2279 713 2315 incarnationis
740 2277 924 2312 Dominice
952 2275 1132 2310 millesimo
1151 2274 1429 2321 quingentesimo
1447 2272 1705 2319 trigesimosep-
