1922 2764
96 627 168 649 XXX
175 643 180 648 .

83 1715 179 1749 xxxL

233 256 302 289 256
821 254 1100 289 APPENDIX.

234 425 506 460 Instrumentum
526 425 631 472 annuj
652 425 808 460 redditus
838 425 869 472 vj
903 425 1087 459 solidorum
1108 425 1151 460 de
1170 431 1264 460 terra
1283 425 1431 460 Walteri
1453 425 1623 472 Rankyne
1655 426 1688 460 in

232 486 264 520 le
286 485 516 532 Palyartcroft

233 579 288 644 ΙΝ
310 610 386 645 Dm
406 623 552 646 NOMINE
574 611 688 646 Amen
709 624 771 659 per
789 612 853 646 hoc
871 611 1136 647 instrumentum
1156 619 1272 660 pateat
1290 613 1381 660 quod
1399 626 1490 648 anno
1517 613 1558 647 ab
1581 612 1690 647 incar-

232 671 376 706 nacione
396 672 538 719 Dominj
555 672 736 707 millesimo
750 672 1093 719 quadringentesimo
1108 673 1343 720 octuagesimo
1358 673 1503 720 septimo
1518 673 1574 708 die
1593 673 1691 720 xviij⁸

230 733 357 766 mensis
379 733 511 780 Aprilis
556 733 596 767 In
617 733 681 768 mei
710 733 834 768 notarii
862 733 989 780 publici
1009 739 1044 768 et
1061 734 1200 768 testium
1221 734 1490 781 subscriptorum
1509 733 1691 781 presencia

232 792 407 827 Waltcrus
423 793 594 840 Rankyne
609 794 794 840 burgensis
807 793 850 828 de
864 794 1029 841 Glasgow
1042 807 1118 828 cum
1134 807 1306 829 consensu
1341 794 1546 841 Mergarete
1562 795 1690 842 Bogyll

229 866 290 888 sue
309 854 426 888 vxoris
445 855 603 889 vendidit
621 867 683 889 sex
703 854 830 889 solidos
848 855 951 902 annuj
972 855 1129 890 redditus
1148 856 1191 890 de
1210 856 1362 903 quinque
1381 856 1475 890 rodis
1493 863 1587 890 terre
1602 868 1690 890 cam-

228 915 354 961 pestris
379 915 574 961 jacentibus
601 916 635 949 in
663 916 695 950 le
717 915 947 962 Palyartcroft
973 929 1081 963 prope
1102 916 1280 964 Capellam
1303 918 1428 952 Sancte
1447 916 1581 951 Tenew
1600 917 1691 951 inter

228 983 338 1010 terras
360 975 476 1010 Dauid
498 976 638 1023 Wyntir
657 989 702 1011 ex
720 983 864 1023 vtraque
883 983 983 1024 parte
1002 977 1193 1011 venerabili
1213 978 1287 1012 viro
1314 977 1480 1025 magistro
1517 977 1691 1012 Willelmo

230 1036 369 1071 Steuart
384 1037 549 1071 canonico
567 1037 780 1084 Glasguensi
805 1050 867 1084 pro
891 1050 952 1072 sex
977 1038 1100 1072 marcis
1116 1039 1243 1073 vsualis
1263 1045 1400 1074 monete
1419 1039 1521 1086 regni
1542 1038 1662 1073 Seoeie
1686 1058 1692 1063 -

230 1097 321 1131 Acta
337 1104 436 1132 erant
453 1097 518 1132 hec
532 1111 636 1145 super
652 1098 760 1132 solum
775 1098 944 1133 dictarum
966 1105 1136 1134 terrarum
1150 1099 1372 1146 presentibus
1390 1100 1516 1135 ibidem
1532 1100 1691 1134 discretis

228 1158 311 1192 viris
331 1158 469 1192 domino
487 1158 647 1194 Johanne
669 1158 842 1205 Rankyne
861 1159 1056 1206 presbitero
1098 1160 1258 1195 Johanne
1276 1160 1387 1195 Wane
1433 1160 1589 1195 Roberto
1611 1161 1691 1195 Scot

230 1218 334 1253 Petro
354 1219 536 1265 Dalgleise
556 1220 789 1266 burgensibus
809 1220 851 1254 de
870 1219 1013 1267 Glasgw
1059 1220 1305 1256 Bertbolomeo
1323 1221 1472 1256 Skinner
1491 1227 1526 1256 et
1548 1221 1691 1255 Andrea

229 1279 404 1325 Byrkmyr
422 1280 569 1315 testibus
612 1280 773 1316 Johanne
795 1281 972 1315 Aurifabri
1000 1282 1128 1316 arcium
1156 1282 1320 1328 magistro
1346 1282 1380 1316 in
1400 1282 1551 1317 decretis
1580 1282 1689 1317 bacal-

228 1341 313 1375 lario
332 1342 526 1389 presbitero
548 1340 778 1389 Glasguensis
797 1342 944 1377 diocesis
964 1343 1098 1377 notario
1121 1364 1126 1369 ·

232 1527 405 1562 Vendicio
424 1527 526 1573 annuj
560 1527 717 1562 redditus
745 1527 780 1561 xl
808 1527 1027 1562 denariorum
1055 1528 1098 1562 de
1126 1534 1328 1562 tenemento
1348 1527 1494 1564 Andree
1514 1528 1691 1564 Frebarne

232 1589 265 1622 in
287 1588 376 1623 Vico
398 1587 607 1622 Piscatorum
630 1588 726 1622 iuxta
744 1587 777 1622 le
800 1588 885 1622 Stok
906 1588 984 1622 Wel

232 1683 283 1749 ΙΝ
304 1713 379 1748 Dm
400 1725 545 1748 NOMINE
567 1725 668 1747 AMEN
693 1734 699 1739 -
723 1713 791 1747 Per
810 1713 874 1748 hoc
888 1713 1154 1748 instrumentum
1173 1720 1290 1761 pateat
1308 1714 1398 1761 quod
1417 1727 1507 1749 anno
1521 1714 1563 1749 ab
1582 1714 1690 1749 incar-

231 1775 376 1809 nacione
390 1774 532 1808 Domini
547 1774 727 1809 millesimo
743 1774 1085 1821 quadringentesimo
1099 1775 1334 1822 octuagesimo
1349 1775 1495 1822 septimo
1522 1779 1606 1809 xxmo
1633 1775 1689 1809 die

230 1836 358 1871 mensis
378 1835 502 1870 Marcii
547 1835 586 1870 In
608 1835 674 1869 mei
693 1835 817 1869 notarii
838 1835 966 1882 publici
985 1842 1020 1870 et
1046 1836 1185 1870 testium
1213 1836 1482 1882 subscriptorum
1509 1835 1690 1882 presencia

229 1898 394 1945 prouidus
413 1897 465 1931 vir
490 1896 682 1931 Willelmus
710 1896 858 1930 Browne
886 1896 1071 1943 burgensis
1099 1897 1248 1932 ciuitatis
1275 1896 1506 1944 Glasguensis
1533 1896 1689 1931 vendidit

229 1972 332 1993 vnum
352 1971 501 1993 annuum
523 1958 694 1992 redditum
726 1957 955 2004 quadraginta
986 1958 1206 1992 denariorum
1237 1958 1281 1993 de
1312 1964 1513 1993 tenemento
1544 1957 1688 1992 Andree

229 2020 407 2054 Frebarne
423 2020 562 2066 jacente
582 2019 613 2053 in
637 2019 727 2053 Vico
748 2019 961 2054 Piscatorum
986 2018 1086 2065 juxta
1108 2019 1140 2053 le
1163 2019 1246 2054 Stok
1267 2019 1346 2054 Wel
1373 2019 1406 2053 in
1427 2018 1566 2053 ciuitate
1589 2018 1689 2053 Glas-

229 2081 353 2127 guensi
372 2080 462 2114 inter
482 2086 592 2114 terras
612 2080 686 2114 siue
705 2086 905 2114 tenementa
935 2079 1078 2114 Martini
1108 2079 1281 2126 Rankyne
1309 2092 1354 2114 ex
1372 2079 1511 2114 australi
1531 2085 1628 2126 parte
1655 2086 1691 2114 et

229 2142 356 2187 dominj
373 2141 509 2188 Patricij
527 2141 695 2176 Caldwell
711 2153 756 2176 ex
770 2141 890 2175 boriali
906 2147 1003 2188 parte
1017 2154 1078 2188 pro
1105 2141 1140 2174 xl
1164 2141 1281 2175 solidis
1297 2140 1423 2175 vsualis
1436 2146 1573 2175 monete
1588 2140 1688 2186 regni

231 2202 350 2238 Scocie
370 2201 561 2236 venerabili
594 2208 628 2236 et
660 2201 805 2248 egregio
824 2201 899 2236 viro
931 2202 1095 2248 magistro
1126 2201 1291 2236 Michaeli
1322 2201 1496 2248 Flemyng
1521 2201 1690 2236 canonico

232 2263 445 2311 Glasguensi
473 2276 511 2297 ae
538 2263 769 2310 prebendario
790 2263 833 2298 de
855 2263 1009 2298 Ancrum
1033 2284 1039 2290 ·
1063 2263 1156 2298 Acta
1182 2270 1281 2298 erant
1299 2263 1363 2298 hec
1381 2263 1471 2310 apud
1498 2263 1689 2310 predictum

229 2331 465 2360 tenementum
486 2324 706 2371 presentibus
731 2324 859 2358 ibidem
881 2324 1085 2359 Alexandro
1106 2324 1227 2370 Penny
1272 2324 1426 2359 Martino
1456 2324 1627 2370 Rankyne
1655 2330 1689 2358 et
