1922 2764
637 273 677 307 B.
707 273 753 307 V.
782 272 951 307 MARIE
980 273 1048 307 ET
1077 273 1111 308 S.
1143 273 1300 308 ANNE.
1633 279 1699 315 119

238 377 332 405 terre
352 376 505 405 vocatam
523 379 531 407 l
549 369 626 405 The
643 370 748 404 Braid
770 370 839 416 Rig
855 370 1050 417 [jacentem
1069 370 1103 404 in
1120 370 1240 405 eadem
1260 371 1369 405 crofta
1386 371 1476 406 inter
1492 378 1601 407 terras
1616 373 1698 408 dicti

240 430 376 465 Thome
398 431 480 465 Hall
503 443 547 465 ex
573 430 732 465 orientali
760 436 796 465 et
820 440 930 465 terras
959 431 1038 465 olim
1066 431 1195 465 domini
1216 431 1381 465 Wisselmi
1409 431 1528 466 Burcll
1548 446 1592 468 ex
1611 434 1698 468 occi-

239 491 369 525 dentali
388 491 542 538 partibus
565 512 570 517 -
598 491 642 525 Et
660 491 784 526 ibidem
805 491 958 538 prefatus
979 491 1142 538 magister
1169 491 1359 526 Nicholaus
1386 492 1461 526 zelo
1488 493 1558 528 Dei
1579 494 1698 528 Omni—

238 551 390 598 potentis
423 551 703 598 Intemerateque
734 552 892 598 Virginis
925 552 1038 586 Marie
1071 558 1106 586 et
1135 551 1297 586 Omnium
1333 552 1534 587 Sanctorum
1566 566 1605 588 ac
1635 567 1697 601 pro

239 612 349 646 salute
368 612 480 646 anime
500 625 560 646 suc
585 618 764 658 parentum
786 614 929 647 fratrum
957 625 1112 647 sororum
1131 613 1467 659 consanguineorum
1487 620 1522 647 et
1540 614 1698 648 benefac-

239 679 350 707 torum
379 685 417 707 ac
445 685 507 719 pro
535 672 644 707 salute
672 673 859 708 animarum
887 674 1037 708 omnium
1065 673 1215 708 fidelium
1244 673 1484 708 defunctorum
1502 683 1510 710 l
1527 686 1645 709 omnes
1665 681 1699 709 et

239 732 393 779 singulas
423 738 534 767 terras
566 731 854 780 su[p1·a]scriptas
885 734 918 768 in
951 734 1106 768 manibus
1143 734 1280 768 honesti
1311 734 1374 769 viri
1406 734 1576 770 Johannis
1607 735 1699 781 Fary

239 793 338 828 vnius
358 793 562 828 balliuorum
577 793 658 828 dicti
678 794 779 840 burgi
798 795 936 829 nomine
952 795 1098 829 ecclesie
1118 795 1319 841 simpliciter
1337 795 1530 842 resignauit
1546 803 1554 831 Ι
1573 795 1699 830 Rescr-

238 854 352 888 uando
379 854 443 888 sibi
470 854 662 900 resignanti
690 854 835 889 liberum
863 861 1100 891 tenementum
1120 868 1217 889 vsum
1235 856 1409 890 fructuum
1437 855 1698 902 dispositionem

239 920 274 949 et
292 914 454 949 vnionem
473 915 661 949 earundem
680 916 924 962 quoaduixerit
940 924 948 952 Ι
969 916 1048 956 Qua
1074 915 1310 962 resignatione
1339 917 1386 950 sic
1404 916 1494 950 facta
1512 917 1602 951 idem
1630 917 1699 951 bal-

238 975 328 1009 liuus
348 981 472 1010 statum
492 981 527 1010 et
547 975 705 1010 saisinam
732 975 961 1010 hereditarios
988 977 1258 1023 prescriptarum
1277 983 1446 1011 terrarum
1472 990 1534 1024 per
1552 983 1645 1012 terre
1665 985 1700 1012 et

239 1036 361 1081 lapidis
392 1036 677 1071 deliberationem
709 1036 860 1071 discreto
892 1037 966 1071 viro
997 1037 1135 1071 domino
1168 1037 1273 1071 Petro
1306 1037 1488 1072 Rodmann
1521 1038 1699 1085 capellano

238 1096 377 1131 nomine
396 1097 543 1131 ecclesie
560 1105 569 1133 l
585 1097 798 1131 reseruando
815 1097 879 1131 sibi
897 1097 1062 1144 magistro
1084 1098 1253 1132 Nicholao
1273 1098 1368 1145 prius
1388 1099 1574 1133 reseruatis
1591 1107 1599 1135 l
1616 1099 1699 1133 deli-

238 1157 374 1191 berauit
395 1178 401 1183 ·
426 1157 652 1192 Presentibus
671 1157 797 1192 ibidem
818 1157 976 1192 discretis
995 1158 1078 1192 viris
1096 1158 1257 1194 Johanne
1278 1158 1346 1193 Bar
1364 1159 1474 1193 altero
1493 1159 1697 1194 balliuorum

239 1218 282 1252 de
304 1217 546 1265 Rutherglene
561 1218 699 1252 domino
715 1218 886 1253 Nicholao
906 1219 1013 1253 Dvnn
1030 1219 1208 1265 capellano
1226 1219 1387 1255 Johanne
1407 1219 1525 1265 Brady
1540 1227 1574 1254 et
1591 1220 1698 1255 Cuth-

238 1279 337 1313 berto
357 1278 474 1325 Brady
493 1278 661 1313 seriandis
680 1291 719 1313 ac
737 1279 876 1313 domino
893 1279 1025 1314 Jacobo
1046 1278 1252 1314 Calderwod
1279 1279 1413 1313 notario
1439 1280 1576 1326 publico
1596 1280 1697 1315 etiam

239 1339 272 1373 in
292 1339 468 1387 premissis
492 1339 659 1387 requisito
682 1360 687 1366 ·
711 1339 780 1374 ET
807 1339 917 1375 EGO
943 1340 1095 1376 Jacobus
1116 1339 1323 1375 Calderwod
1341 1341 1526 1387 presbyter
1548 1341 1698 1388 Glasgu-

239 1400 331 1435 ensis
350 1400 497 1435 diocesis
524 1400 682 1447 publicus
709 1401 914 1435 auctoritate
940 1400 1141 1448 Apostolica
1158 1401 1313 1435 notarius
1367 1401 1459 1442 Quia
1480 1400 1575 1448 [etc]
1601 1422 1607 1427 -
1630 1401 1699 1436 ET

239 1461 349 1497 EGO
375 1461 553 1498 ,Iohannes
574 1462 674 1508 Boyd
692 1462 878 1509 presbyter
900 1461 1132 1508 Glasguensis
1152 1462 1299 1496 diocesis
1317 1462 1475 1509 publicus
1494 1462 1697 1497 auctoritate

242 1522 445 1569 Apostolica
462 1522 616 1557 notarius
670 1522 762 1564 Quia
783 1521 880 1569 [eta]

239 1671 309 1736 IN
336 1702 426 1736 DEI
452 1703 590 1738 nomine
612 1703 726 1738 Amen
750 1725 755 1730 -
781 1703 848 1738 Per
871 1704 937 1737 hoc
955 1703 1127 1750 publicum
1148 1704 1411 1738 instrumentum
1432 1704 1564 1738 cunctis
1583 1709 1698 1749 pateat

239 1763 330 1808 quod
357 1775 446 1797 anno
472 1763 719 1798 incarnationis
742 1764 925 1798 Dominice
945 1764 1126 1798 millesimo
1145 1763 1423 1810 quingentesimo
1442 1764 1696 1810 trigesimosep-

238 1822 321 1857 timo
345 1823 401 1858 die
423 1836 507 1858 vero
533 1824 661 1858 mensis
683 1824 847 1859 Octobris
874 1825 984 1871 primo
1002 1833 1011 1860 Ι
1028 1824 1067 1858 In
1096 1824 1161 1858 mei
1190 1824 1314 1858 notarii
1342 1824 1468 1870 publici
1496 1830 1531 1858 et
1557 1824 1696 1858 testium

239 1883 508 1930 subscriptorum
536 1885 713 1930 presentia
740 1885 970 1932 personaliter
992 1884 1137 1919 accessit
1163 1884 1291 1930 probus
1311 1886 1362 1917 vir
1389 1883 1556 1918 Patricius
1584 1883 1695 1918 Lione

238 1957 326 1979 vnus
352 1945 557 1979 balliuorum
575 1945 724 1980 ciuitatis
746 1945 979 1992 Glasguensis
997 1945 1038 1978 ad
1067 1944 1236 1991 quoddam
1265 1950 1500 1978 tenementum
1525 1945 1695 1991 quondam

238 2005 357 2039 Dauid
386 2005 669 2052 Withirspovune
698 2005 783 2040 ciuis
805 2004 1037 2051 Glasguensis
1060 2004 1179 2050 jacens
1207 2004 1241 2037 in
1269 2003 1359 2038 dicta
1377 2004 1516 2038 ciuitate
1543 2004 1576 2038 in
1606 2005 1695 2039 Vico

238 2065 426 2100 Furcarum
445 2079 490 2100 ex
507 2072 606 2113 parte
624 2065 766 2101 australi
793 2065 947 2100 eiusdem
974 2064 1065 2098 inter
1094 2070 1203 2098 terras
1231 2064 1309 2097 olim
1327 2063 1496 2099 Johannis
1524 2064 1630 2111 Mayn
1651 2078 1695 2100 ex

238 2126 397 2161 orientali
426 2133 461 2161 et
484 2132 594 2161 terras
619 2126 790 2172 quondam
818 2125 935 2159 Dauid
963 2124 1139 2159 Menteith
1159 2137 1204 2158 ex
1223 2124 1427 2159 occidentali
1454 2125 1632 2172 partibus!
1651 2126 1696 2160 Et

239 2186 365 2220 ibidem
388 2186 461 2222 lde
490 2199 662 2220 consensu
694 2186 840 2219 Bessete
872 2185 1015 2219 Forrest
1044 2197 1169 2231 sponse
1199 2184 1280 2219 dicti
1309 2185 1479 2231 quondam
1512 2185 1628 2221 Dauid
1657 2200 1695 2221 ac

238 2246 356 2281 matris
381 2246 549 2282 Johannis
578 2245 848 2292 Withirspowne
874 2245 934 2278 filii
962 2251 997 2279 et
1023 2244 1162 2278 heredis
1190 2245 1350 2291 legittimi
1380 2252 1415 2280 et
1440 2247 1694 2293 propinquioris

239 2306 321 2341 dicti
339 2306 509 2353 quondam
528 2306 645 2340 Dauid
663 2314 671 2341 Ι
688 2311 812 2340 statum
832 2311 866 2339 et
885 2305 1042 2339 saisinam
1062 2304 1291 2339 hereditarios
1306 2306 1388 2340 dicti
1407 2307 1595 2342 tenementi
1615 2314 1694 2342 ante
