1922 2764
250 298 293 334 78
575 294 731 329 LIBER
757 292 1005 329 ECCLESIE
1035 291 1373 327 COLLEGIATE

248 390 281 424 in
294 391 446 425 fauorem
460 391 667 425 venerabilis
678 390 742 425 viri
755 389 908 437 magistri
922 389 1043 426 Jacobi
1061 389 1269 423 Houstoune
1287 396 1295 424 l
1314 388 1394 428 Qua
1408 386 1642 434 resignatione
1655 388 1704 423 sic

246 451 336 485 facta
353 451 442 485 idem
462 451 609 486 balliuus
627 457 751 486 statum
771 456 806 485 et
824 450 981 485 saisinam
1006 449 1234 484 hereditarios
1253 447 1334 482 dieti
1354 447 1543 482 tenementi
1570 448 1703 494 prefato

247 511 411 557 magistro
429 511 560 547 Jacobo
579 511 648 546 suis
665 511 852 546 heredibus
867 516 902 545 et
920 509 1102 555 assignatis
1117 507 1324 542 deliberauit
1344 528 1350 534 ·
1375 507 1600 542 Presentibus
1618 507 1703 542 ibid-

248 584 301 606 em
324 572 497 606 Willelmo
526 572 657 606 Sclater
686 571 831 605 Andrea
857 571 973 616 Spang
999 575 1034 603 et
1061 568 1209 603 Patricio
1238 568 1427 602 Moresone
1460 588 1466 593 -
1498 567 1564 601 ET
1593 567 1703 602 EGO

247 632 425 668 Johannes
453 632 553 667 Kene
580 632 764 678 presbyter
785 629 1016 676 Glasguensis
1034 628 1181 663 diocesis
1208 628 1366 675 publicus
1385 640 1482 663 saera
1499 628 1703 662 auctoritate

248 692 452 739 Apostoliea
469 693 621 726 notarius
674 691 765 732 Quia
787 688 882 737 [eta]

246 841 316 906 IN
344 871 434 906 DEI
461 871 597 906 nomine
619 870 732 904 Amen
756 890 762 896 ·
786 869 853 904 Per
871 869 936 903 hoe
954 868 1126 915 publicum
1152 868 1417 902 instrumentum
1437 868 1569 903 cunctis
1587 874 1702 915 pateat

245 932 336 978 quod
363 945 452 966 anno
478 930 722 966 incarnationis
754 929 937 964 Dominiee
969 928 1149 962 millesimo
1176 928 1454 974 quingentesimo
1481 928 1701 974 vigesimose-

246 993 358 1026 eundo
373 993 428 1026 die
444 1005 527 1026 vero
543 992 649 1026 tercia
664 990 790 1025 mensis
804 989 961 1026 Januarii
977 998 986 1025 Ι
1003 989 1042 1024 In
1058 989 1125 1022 mei
1140 988 1263 1023 notarii
1278 988 1405 1034 publici
1420 994 1455 1022 et
1469 988 1607 1022 testium
1624 989 1701 1023 sub-

245 1053 448 1100 scriptorum
475 1052 651 1099 presentia
669 1051 897 1098 personaliter
916 1049 1122 1084 constitutus
1141 1048 1304 1095 magister
1321 1049 1472 1084 Jacobus
1492 1048 1700 1083 Houstoune

245 1114 418 1149 assedauit
436 1120 471 1148 et
488 1114 530 1148 ad
548 1113 773 1147 feudifirmam
793 1118 829 1146 et
846 1110 1084 1157 emphiteosim
1103 1117 1304 1156 perpetuam
1323 1109 1451 1144 dimisit
1469 1122 1569 1144 vnam
1587 1123 1700 1144 acram

244 1181 337 1209 terre
352 1182 505 1209 vocatam
523 1183 531 1210 l
549 1174 626 1208 The
647 1173 805 1207 Halklaw
822 1173 1016 1218 [jacentem
1030 1171 1063 1205 in
1080 1170 1254 1205 territorio
1271 1170 1483 1217 Glasguensi
1502 1171 1535 1204 in
1551 1170 1596 1205 lie
1616 1171 1701 1205 Brv-

245 1235 411 1269 melandis
435 1235 525 1269 inter
544 1241 654 1268 terras
673 1234 832 1267 Fratrum
852 1232 1110 1266 predicatorum
1137 1231 1285 1266 ciuitatis
1307 1231 1537 1277 Glasguensis
1557 1238 1591 1266 et
1609 1244 1701 1266 nune

244 1295 412 1331 Johannis
433 1295 565 1329 Solater
583 1307 627 1329 ex
647 1293 851 1328 occidentali
878 1299 913 1328 et
936 1299 1046 1327 terras
1074 1292 1217 1326 Domini
1235 1291 1278 1326 de
1303 1291 1553 1338 Montgomery
1572 1305 1616 1327 ex
1635 1293 1700 1327 ori-

246 1356 349 1390 entali
368 1365 376 1392 Ι
393 1356 542 1390 discreto
558 1355 631 1389 viro
650 1354 813 1389 Donaldo
832 1353 980 1400 Lyoune
996 1358 1032 1387 et
1049 1353 1119 1387 suis
1138 1352 1324 1386 heredibus
1342 1364 1404 1398 pro
1419 1365 1548 1387 summa
1566 1360 1698 1400 septem

245 1416 430 1450 solidorum
457 1415 719 1450 annuiredditus
745 1413 920 1449 annuatim
951 1413 1109 1447 soluendi
1136 1412 1228 1446 dieto
1254 1412 1418 1458 magistro
1443 1412 1574 1449 Jacobo
1601 1413 1699 1448 here-

245 1477 344 1510 dibus
371 1476 440 1510 suis
467 1488 527 1509 seu
546 1475 728 1521 assignatis
744 1483 753 1511 Ι
771 1474 838 1508 Pro
857 1473 979 1520 quibus
998 1473 1100 1507 etiam
1128 1472 1367 1518 persoluendis
1386 1472 1497 1507 dictus
1516 1473 1698 1508 Donaldus

245 1537 406 1571 astrinxit
432 1548 528 1570 suum
556 1535 727 1582 posterius
746 1540 982 1568 tenementum
1004 1533 1124 1579 jacens
1149 1532 1183 1565 in
1208 1531 1347 1566 ciuitate
1370 1531 1581 1578 Glasguensi
1608 1533 1699 1568 inter

247 1602 483 1631 tenementum
511 1595 662 1641 Angusii
692 1593 919 1640 Goldsmytht
949 1605 993 1627 ex
1023 1592 1182 1626 orientali
1208 1599 1243 1627 et
1269 1598 1505 1626 tenementum
1534 1593 1699 1628 Willehni

248 1656 409 1691 Salmond
428 1668 471 1690 ex
491 1654 695 1690 occidentali
722 1654 756 1688 in
775 1667 841 1700 quo
860 1653 950 1687 idem
975 1652 1164 1687 Willelmus
1192 1665 1282 1687 nune
1309 1652 1475 1687 inhabitat
1500 1661 1509 1689 Ι
1533 1653 1581 1688 sic
1608 1655 1699 1700 quod

246 1716 429 1751 deficiente
456 1716 626 1750 solutione
654 1715 736 1749 dicti
763 1713 1024 1748 annuiredditus
1050 1718 1183 1760 septem
1210 1712 1396 1747 solidorum
1423 1713 1540 1747 licebit
1566 1714 1699 1760 prefato

246 1778 410 1823 magistro
439 1776 570 1812 Jacobo
601 1775 739 1821 suisque
770 1773 956 1808 heredibus
988 1779 1022 1807 et
1052 1772 1234 1819 assignatis
1262 1785 1400 1806 namare
1428 1779 1463 1807 et
1489 1773 1698 1820 distringere

247 1838 373 1872 dictum
400 1837 572 1884 posterius
598 1842 834 1870 tenementum
861 1846 923 1880 pro
949 1833 1142 1867 huiusmodi
1169 1832 1423 1867 annuoredditu
1444 1842 1453 1868 Ι
1476 1833 1588 1873 Quam
1616 1847 1699 1869 vero

246 1911 357 1933 aeram
384 1904 476 1932 terre
503 1897 656 1943 prefatus
681 1895 844 1941 magister
867 1894 1018 1930 Jacobus
1044 1893 1235 1938 resignauit
1261 1893 1295 1926 in
1323 1892 1477 1927 manibus
1497 1893 1699 1928 Archibaldi

248 1959 511 1993 Harbertsoune
532 1957 630 1991 vnius
657 1956 860 1990 balliuorum
883 1954 973 1988 dicte
993 1953 1140 1988 ciuitatis
1157 1961 1165 1989 Ι
1184 1952 1255 1992 Qui
1275 1965 1357 1987 vero
1375 1952 1521 1987 balliuus
1547 1953 1700 2000 resigna-

246 2019 339 2053 tione
358 2017 551 2052 huiusmodi
578 2017 626 2051 sie
644 2016 733 2051 facta
761 2022 885 2050 statum
904 2021 940 2049 et
961 2014 1118 2048 saisinam
1145 2013 1373 2048 hereditarios
1392 2013 1483 2048 dicte
1501 2026 1580 2048 acre
1607 2020 1700 2049 terre

246 2079 413 2113 soluendo
434 2079 546 2112 eidem
564 2078 691 2112 dietum
710 2075 1035 2111 annuumredditum
1062 2075 1297 2109 tantummodo
1325 2075 1457 2121 prefato
1484 2075 1647 2110 Donaldo
1667 2083 1701 2111 et

247 2139 448 2184 Margarete
464 2138 619 2173 Cambell
636 2150 695 2172 sue
709 2149 833 2183 sponse
848 2136 883 2170 in
895 2136 1077 2170 coniuncta
1090 2135 1323 2170 infeodatione
1337 2142 1500 2170 eteorum
1516 2136 1701 2170 heredibus

247 2210 309 2244 per
327 2204 421 2232 terre
448 2205 483 2232 et
509 2198 630 2244 lapidis
648 2197 868 2232 traditionem
887 2196 1093 2230 deliberauit
1114 2216 1120 2222 ·
1144 2195 1370 2230 Presentibus
1397 2195 1523 2230 ibidem
1543 2196 1700 2230 discretis

248 2258 330 2292 viris
347 2258 506 2293 Johanne
528 2258 660 2291 Solater
680 2257 814 2291 Thoma
835 2256 995 2291 Gilmour
1018 2255 1163 2290 Andrea
1192 2255 1326 2290 Skeoeh
1352 2255 1511 2290 Johanne
1532 2255 1639 2290 Clerk
1666 2262 1701 2290 et

247 2318 406 2354 Johanne
423 2317 574 2362 Bargille
590 2317 749 2351 seriando
771 2337 777 2343 -
801 2316 868 2350 ET
883 2315 992 2351 EGO
1009 2315 1197 2349 Nicholaus
1212 2315 1502 2361 Withirspowvne
1517 2315 1700 2361 presbyter
