1922 2764
614 263 830 300 ORDINIS
858 263 1294 301 PREDICATORUM.
1622 272 1683 303 181

224 375 378 422 religiosi
397 374 462 409 viri
482 374 612 409 Fratris
630 373 800 410 ,Iohannis
822 373 925 409 Mure
945 380 1027 409 tunc
1046 374 1211 421 temporis
1233 374 1362 409 Prioris
1383 376 1541 411 Fratrum
1569 377 1687 413 Predi-

224 443 377 471 catorum
396 436 438 470 de
462 435 598 482 Glasgu
628 448 667 470 ac
686 435 793 470 eciam
812 435 918 470 totius
938 442 1131 470 conuentus
1149 435 1344 470 huiusmodi
1370 437 1435 471 loci
1453 446 1460 474 l
1478 450 1612 473 necnon
1642 440 1685 474 de

224 509 391 544 expresso
410 496 569 531 mandato
588 503 624 531 et
642 497 782 544 speciali
798 509 971 532 consensu
990 503 1027 532 ut
1046 503 1271 532 asseruerunt
1289 498 1474 544 reuerendj
1496 499 1528 533 in
1547 499 1688 535 Christo

222 558 329 605 patris
347 570 386 592 ac
404 557 533 592 domini
553 557 695 592 Domini
717 558 864 593 Andree
884 558 954 593 Dei
984 564 1018 593 et
1044 558 1232 605 apostolice
1261 558 1353 592 sedis
1380 559 1497 605 gracia
1524 560 1688 608 Episcopi

227 618 457 664 Glasguensis
474 627 483 655 l
499 619 646 654 Vtilitate
675 631 759 654 uero
786 620 977 654 eorundem
1003 619 1099 666 prius
1126 625 1270 666 pensata
1293 619 1571 666 jurisperitorum
1599 634 1688 656 com-

224 679 396 714 municato
415 679 561 714 concilio
579 686 712 714 matura
730 680 987 716 deliberacione
1006 680 1188 727 prehabita
1204 689 1213 717 l
1232 680 1485 715 assedauerunt
1503 689 1539 716 et
1558 682 1600 716 ad
1619 682 1689 717 feo-

223 741 391 787 djfirmam
418 741 625 776 dimiserunt
643 742 727 776 duas
746 742 849 777 rodas
867 748 961 777 terre
989 742 1148 789 jacentes
1180 741 1344 788 contigue
1376 742 1411 776 in
1444 742 1577 789 Magno
1598 743 1688 778 Vico

222 801 437 837 extendente
456 802 498 836 ab
518 802 677 837 Ecclesia
697 802 899 838 Cathedrali
921 803 1136 850 Glasguensi
1164 816 1272 850 usque
1301 803 1344 838 ad
1364 803 1513 838 Crucem
1535 804 1614 851 Forj
1645 818 1688 839 ex

223 869 322 910 parte
341 863 500 898 orientali
527 863 682 898 eiusdem
710 877 815 912 super
841 877 957 899 muros
985 864 1179 899 anteriores
1199 870 1234 899 et
1263 865 1496 900 occidentales
1520 866 1689 901 dictorum

225 924 383 959 Fratrum
403 925 494 959 inter
512 931 623 959 terras
641 925 810 961 Johannis
841 925 978 960 Rankin
1006 925 1093 960 fabri
1125 938 1169 960 ex
1200 932 1298 972 parte
1330 926 1471 961 australi
1488 935 1497 963 l
1514 934 1549 962 et
1579 934 1690 962 terras

221 992 302 1020 tunc
331 987 496 1033 temporis
528 986 665 1021 minime
698 987 873 1022 assedatas
908 999 952 1021 ex
982 993 1080 1034 parte
1113 987 1234 1021 boriali
1252 996 1260 1023 l
1278 987 1423 1034 prouido
1450 988 1525 1022 viro
1554 988 1689 1023 Thome

223 1047 319 1081 Kerd
339 1047 503 1094 burgensi
525 1047 680 1082 eiusdem
703 1069 709 1074 ·
734 1048 923 1083 Tenendas
939 1054 974 1083 et
990 1048 1168 1083 habendas
1186 1048 1361 1095 predictas
1375 1049 1461 1083 duas
1475 1049 1576 1084 rodas
1596 1057 1689 1084 terre

221 1121 296 1142 cum
329 1108 486 1143 omnibus
506 1109 805 1144 commoditatibus
834 1115 870 1144 et
897 1109 1123 1156 pertinenciis
1151 1109 1221 1143 suis
1249 1109 1341 1144 (licto
1361 1109 1497 1145 Thome
1528 1110 1624 1145 Kerd
1656 1117 1691 1145 et

224 1169 406 1217 Mergrete
427 1183 554 1217 sponse
574 1183 635 1205 sue
654 1183 790 1205 necnon
810 1183 927 1206 eorum
948 1171 1081 1205 diucius
1101 1171 1233 1205 viuenti
1261 1170 1448 1205 heredibus
1468 1172 1537 1206 suis
1566 1178 1601 1206 et
1621 1173 1690 1206 suis

221 1231 404 1278 assignatis
424 1232 456 1266 in
475 1232 578 1266 feodo
598 1238 633 1266 et
652 1232 845 1267 hereditate
865 1232 1118 1279 imperpetuum
1137 1241 1145 1268 l
1162 1232 1249 1267 adeo
1268 1233 1377 1267 libere
1398 1232 1514 1279 quiete
1534 1234 1688 1280 plenarie

221 1293 358 1340 integre
377 1293 566 1328 honorifice
586 1294 675 1328 bene
691 1299 727 1328 et
743 1293 778 1328 in
797 1306 882 1341 pace
902 1294 991 1329 sicut
1010 1294 1166 1341 predicta
1180 1294 1406 1329 communitas
1421 1295 1570 1330 ciuitatis
1588 1295 1690 1330 Glas-

221 1354 364 1401 guensis
383 1355 437 1389 vel
466 1354 589 1402 aliquis
608 1355 894 1402 predecessorum
916 1368 1053 1390 suorum
1075 1356 1217 1390 liberius
1238 1356 1393 1403 quiecius
1413 1356 1534 1390 melius
1554 1364 1589 1391 et
1607 1357 1690 1390 hon-

222 1416 436 1451 orificentius
455 1416 568 1451 tenuit
587 1429 647 1451 seu
666 1417 822 1464 possedit
844 1437 850 1443 ⁴
877 1416 1072 1451 Reddendo
1091 1417 1172 1451 inde
1200 1417 1374 1451 annuatim
1396 1417 1495 1452 dictis
1526 1417 1634 1464 Priorj
1656 1423 1691 1452 et

222 1477 401 1513 Fratribus
421 1477 575 1513 eiusdem
591 1478 657 1512 loci
677 1490 811 1513 necnon
828 1491 947 1513 eorum
963 1478 1221 1513 successoribus
1237 1478 1293 1525 qui
1313 1491 1374 1525 pro
1390 1485 1546 1525 tempore
1560 1478 1692 1513 fuerint

223 1539 342 1574 decem
363 1539 490 1574 solidos
509 1539 639 1574 usualis
658 1546 796 1574 monete
818 1539 938 1574 Scocie
958 1540 999 1574 ad
1019 1539 1106 1574 duos
1120 1539 1200 1573 anni
1216 1539 1382 1574 terminos
1402 1545 1587 1574 consuetos
1603 1540 1690 1574 scili-

223 1608 279 1636 cet
297 1601 402 1636 Festa
422 1601 640 1636 Penticostes
669 1607 705 1636 et
726 1602 841 1636 Sancti
869 1601 1015 1636 Martini
1046 1601 1079 1635 in
1109 1614 1210 1648 yeme
1241 1615 1305 1648 per
1337 1602 1477 1648 equales
1508 1602 1690 1649 porciones

223 1675 369 1697 vnacum
383 1663 481 1697 firma
495 1663 631 1710 burgali
646 1663 738 1698 dicto
754 1663 931 1710 Episcopo
947 1662 1160 1710 Glasguensi
1176 1663 1294 1697 debita
1313 1669 1349 1697 ut
1368 1663 1472 1697 moris
1491 1669 1545 1697 est
1563 1670 1598 1697 et
1612 1675 1691 1697 con-

225 1731 324 1759 sueta
345 1745 351 1751 ·
375 1724 422 1759 Et
440 1730 519 1771 post
537 1725 716 1759 decessum
737 1724 907 1759 dictorum
928 1724 1063 1759 Thome
1086 1724 1182 1759 Kerd
1210 1730 1246 1758 et
1274 1723 1458 1770 Mergrete
1478 1736 1604 1770 sponse
1630 1736 1689 1758 sue

224 1785 373 1820 heredes
392 1785 444 1819 sui
462 1791 498 1820 et
516 1786 568 1820 sui
596 1786 761 1832 assignatj
783 1786 921 1820 soluent
947 1785 1123 1820 annuatim
1150 1785 1316 1832 predictis
1343 1785 1525 1820 Fratribus
1544 1785 1601 1832 qui
1628 1798 1690 1832 pro

225 1852 381 1892 tempore
398 1846 529 1881 fuerint
547 1859 610 1893 pro
630 1846 731 1881 dictis
750 1846 883 1881 duabus
902 1846 995 1880 rodis
1021 1847 1214 1881 tresdecem
1243 1846 1370 1880 solidos
1390 1852 1425 1880 et
1443 1852 1589 1892 quatuor
1608 1846 1690 1880 den-

226 1907 316 1941 arios
334 1907 376 1941 ad
395 1907 561 1941 terminos
580 1914 766 1942 consuetos
785 1914 822 1941 ut
840 1907 1035 1954 predictum
1054 1914 1108 1942 est
1129 1929 1134 1934 -
1159 1907 1307 1954 Insuper
1326 1920 1410 1941 vero
1435 1907 1518 1941 dicti
1538 1906 1690 1942 Thomas

227 1975 262 2002 et
281 1968 464 2014 Mergreta
480 1968 622 2002 fuerunt
639 1981 702 2014 pro
721 1981 757 2002 se
784 1968 973 2002 heredibus
1001 1968 1070 2002 suis
1103 1975 1139 2003 et
1166 1969 1236 2003 suis
1268 1968 1451 2015 assignatis
1483 1968 1625 2003 firmiter
1657 1976 1693 2003 et

226 2029 377 2064 fideliter
396 2029 538 2075 obligati
557 2029 647 2075 quod
668 2042 736 2063 non
756 2029 956 2063 alienabunt
975 2029 1083 2064 dictas
1102 2030 1187 2064 duas
1206 2030 1307 2064 rodas
1326 2037 1419 2064 terre
1447 2030 1480 2064 in
1509 2036 1606 2077 parte
1634 2031 1691 2064 uel

227 2090 261 2124 in
293 2096 366 2125 toto
397 2103 462 2125 nec
492 2090 583 2137 ipsas
614 2090 656 2124 ad
688 2090 889 2137 ampliorem
921 2103 1070 2124 annuum
1101 2090 1274 2124 redditum
1303 2091 1586 2137 constringerent
1617 2091 1691 2125 sine

228 2163 395 2198 expresso
414 2163 586 2186 consensu
605 2156 640 2185 et
658 2163 802 2185 assensu
821 2150 989 2185 dictorum
1009 2151 1262 2186 communitatis
1281 2158 1317 2186 et
1343 2151 1503 2186 Fratrum
1532 2152 1691 2187 Predica-

228 2219 340 2247 torum
360 2224 494 2247 necnon
515 2224 752 2246 successorum
772 2212 960 2246 eorundem
981 2212 1038 2258 qui
1056 2224 1119 2259 pro
1138 2218 1293 2259 tempore
1312 2212 1443 2247 fuerint
1459 2212 1555 2259 prius
1574 2213 1692 2260 petitis

228 2280 263 2308 et
290 2273 441 2308 obtentis
464 2294 470 2299 -
495 2273 649 2314 Quarum
682 2273 824 2307 duarum
856 2273 1017 2308 rodarum
1049 2272 1208 2307 saisinam
1239 2273 1481 2308 hereditariam
1512 2273 1691 2309 Johannes

230 2335 377 2369 Stewart
395 2334 590 2381 prepositus
608 2334 803 2369 antedictus
822 2334 922 2369 dictis
942 2333 1078 2368 Thome
1099 2334 1196 2369 Kerd
1216 2340 1251 2369 et
1271 2334 1452 2381 Mergi-ete
1473 2347 1598 2380 sponse
1629 2348 1689 2369 sue
