1922 2764
260 235 329 270 264
848 232 1127 268 APPENDIX.

261 343 426 377 Murheid
453 348 552 377 extra
579 354 694 376 muros
713 342 861 376 ciuitatis
884 341 1116 389 Glasguensis
1146 353 1245 388 quam
1277 340 1356 375 olim
1388 340 1545 374 dominus
1565 339 1716 374 Thomas

260 403 433 449 Flemyng
451 402 542 436 illius
562 402 699 437 vltimus
718 402 915 449 capellanus
935 408 970 437 et
988 415 1167 450 possessor
1185 401 1364 436 obtinebat
1382 413 1444 448 per
1463 400 1592 441 obit-um
1611 399 1717 447 ipsius

260 463 389 498 domini
409 463 544 498 Thome
559 475 682 497 vacare
699 469 859 498 noscatur
874 469 910 498 et
924 469 1024 498 vacet
1042 463 1085 498 ad
1102 475 1247 510 presens
1288 462 1364 497 Nos
1382 461 1488 508 igitur
1502 461 1718 496 diuersorum

261 524 460 559 meritorum
488 531 623 558 tuorum
651 523 777 558 intuitu
804 524 948 571 gratiam
977 524 1159 571 specialem
1186 524 1301 558 facere
1318 522 1477 557 volentes
1496 521 1719 569 capellaniam

260 584 449 631 predictam
468 585 516 619 sic
531 590 568 618 vt
582 584 794 630 premittitur
809 590 987 619 vacantem
1003 584 1044 618 ad
1060 583 1353 632 presentationem
1368 583 1583 618 dominorum
1598 581 1719 616 decani

262 652 296 680 et
314 645 453 692 capituli
476 645 707 692 Glasguensis
726 650 946 692 nostramque
966 645 1185 680 collationem
1204 644 1410 679 ordinariam
1429 648 1593 690 pretextu
1612 642 1720 677 nostri

262 705 361 740 officii
377 705 560 740 vicariatus
579 705 754 751 generalis
772 704 1004 752 Glasguensis
1023 711 1236 752 spectantem
1255 705 1316 740 tibi
1336 704 1473 739 domino
1491 703 1617 740 Joanni
1638 703 1721 738 Law

261 773 422 814 tanquam
442 766 624 801 sufficienti
657 772 692 800 et
723 766 860 812 ydoneo
892 767 1116 813 presentique
1135 772 1171 801 et
1201 765 1393 814 acceptanti
1425 778 1463 800 ac
1481 766 1522 800 ad
1554 765 1719 812 prefatam

263 827 486 874 capellaniam
506 826 696 861 literatorie
726 827 824 861 nobis
851 839 913 874 per
932 827 1087 861 dominos
1114 827 1347 874 presidentem
1376 833 1411 861 et
1429 826 1611 861 canonicos
1630 825 1721 860 dicte

264 888 411 923 ecclesie
440 893 641 934 presentato
660 887 868 922 conferimus
897 894 932 922 et
962 888 1176 934 assignamus
1195 894 1231 922 et
1257 887 1300 922 de
1332 887 1389 921 illa
1407 887 1469 922 tibi
1500 886 1721 933 prouidemus

265 955 369 995 toque
388 960 502 982 coram
521 947 619 982 nobis
638 953 780 995 propter
793 948 859 982 hoc
877 948 1108 995 personaliter
1123 948 1346 982 constitutum
1366 948 1398 981 in
1415 947 1627 994 corporalem
1647 959 1722 994 pos-

266 1009 455 1044 sessionem
475 1021 536 1043 seu
554 1008 650 1055 quasi
669 1009 761 1043 dicte
781 1009 972 1056 capellanie
997 1010 1182 1056 jurumque
1202 1016 1237 1043 et
1267 1008 1553 1056 pertinentiarum
1573 1007 1722 1042 omnium

267 1069 421 1104 eiusdem
441 1082 502 1116 per
521 1069 637 1103 annuli
665 1070 774 1104 nostri
804 1070 913 1116 digito
933 1077 991 1104 tuo
1021 1070 1272 1117 impositionem
1302 1069 1505 1104 inuestimus
1533 1069 1577 1103 de
1604 1068 1724 1103 eadem

268 1143 381 1164 curam
412 1130 567 1176 regimen
598 1136 633 1164 et
661 1130 991 1165 administrationem
1021 1131 1174 1165 eiusdem
1207 1130 1267 1164 tibi
1298 1131 1453 1177 plenarie
1480 1129 1726 1164 committendo

270 1191 467 1231 Qnocch
487 1190 658 1224 vniuersis
678 1196 712 1224 et
731 1190 877 1237 singulis
896 1191 1054 1238 personis
1074 1191 1316 1226 ecclesiasticis
1335 1204 1374 1226 ac
1392 1191 1534 1226 notariis
1553 1197 1588 1225 et
1618 1190 1726 1225 tabel-

268 1251 417 1285 lionibus
436 1251 582 1298 publicis
597 1251 858 1298 quibuscunque
873 1265 936 1299 per
951 1252 1125 1287 ciuitatem
1141 1258 1176 1286 et
1194 1251 1358 1286 diocesim
1376 1251 1631 1298 Glasguensem
1647 1263 1726 1286 con-

270 1313 397 1347 stitutis
428 1320 550 1347 tenore
582 1313 795 1359 presentium
823 1314 1065 1348 committimus
1097 1314 1187 1361 quod
1208 1326 1268 1347 vos
1297 1313 1352 1348 vel
1379 1313 1466 1348 alter
1485 1319 1638 1348 vestrum
1669 1313 1727 1359 qui

270 1387 374 1421 super
392 1374 457 1408 hoc
475 1373 629 1420 legitime
647 1374 782 1409 fueritis
801 1375 958 1421 requisiti
978 1388 1039 1409 seu
1064 1375 1152 1409 alter
1170 1380 1323 1409 vestrum
1350 1374 1455 1409 fuerit
1474 1374 1659 1422 requisitus
1685 1374 1727 1408 ad

271 1435 436 1481 prefatam
456 1435 679 1481 capellaniam
700 1448 761 1469 seu
783 1435 958 1483 Capellam
982 1436 1066 1470 Diui
1089 1436 1199 1470 Rochi
1219 1435 1449 1482 personaliter
1474 1436 1645 1470 accedatis
1667 1448 1728 1470 seu

272 1496 359 1530 alter
378 1502 529 1531 vestrum
550 1497 691 1530 accedat
714 1497 954 1544 prefatumque
972 1496 1142 1532 Joannem
1163 1496 1245 1530 Law
1265 1496 1320 1531 vel
1347 1502 1604 1543 procuratorem
1632 1509 1728 1531 suum

272 1556 480 1602 legittimum
499 1556 573 1590 eius
593 1557 730 1591 nomine
750 1557 782 1590 in
805 1557 1018 1603 corporalem
1050 1557 1176 1591 realem
1211 1564 1245 1591 et
1275 1557 1442 1592 actualem
1476 1557 1728 1604 possessionem

274 1617 365 1651 dicte
385 1617 577 1664 capellanie
598 1617 683 1652 Diui
705 1618 815 1652 Rochi
830 1618 1016 1665 jurumque
1036 1624 1070 1652 et
1088 1618 1374 1665 pertinentiarum
1404 1618 1554 1652 omnium
1575 1618 1730 1652 eiusdem

274 1678 444 1712 inducatis
472 1678 659 1712 instituatis
686 1684 721 1712 et
750 1678 944 1713 defendatis
973 1679 1150 1713 inductum
1207 1679 1275 1713 Seu
1303 1679 1390 1713 alter
1408 1685 1560 1713 vestrum
1592 1679 1732 1713 inducat

274 1739 430 1773 instituat
458 1745 494 1773 et
511 1739 676 1773 defendat
703 1739 879 1774 inductum
908 1746 1020 1774 amoto
1052 1740 1179 1774 exinde
1210 1739 1365 1786 quolibet
1395 1739 1515 1774 illicito
1548 1740 1731 1774 detentore

275 1799 408 1846 sibique
429 1799 481 1833 vel
510 1800 790 1846 procuratoribus
810 1800 879 1834 suis
906 1800 1085 1847 legittimis
1112 1800 1267 1847 pluribus
1285 1806 1344 1835 aut
1361 1801 1418 1835 vni
1438 1801 1481 1835 de
1500 1800 1671 1835 vniuersis
1698 1807 1733 1835 et

275 1860 420 1906 singulis
438 1860 606 1894 fructibus
633 1860 826 1895 redditibus
846 1867 881 1895 et
908 1861 1135 1908 prouentibus
1165 1861 1317 1896 eiusdem
1346 1861 1501 1908 plenarie
1532 1867 1568 1896 et
1595 1862 1732 1909 integre

275 1921 478 1967 responderi
510 1920 642 1955 faciatis
674 1934 734 1955 seu
766 1921 853 1956 alter
885 1928 1037 1956 vestrum
1068 1922 1170 1957 faciat
1200 1922 1404 1969 responderi
1449 1922 1733 1958 Contradictores

276 1994 360 2015 vero
380 1988 416 2016 et
434 1981 584 2016 rebelles
604 1982 631 2015 si
650 1981 707 2028 qui
726 1982 840 2016 forsan
861 1982 989 2017 fuerint
1019 1996 1080 2030 per
1099 1996 1276 2018 censuram
1305 1983 1570 2018 ecclesiasticam
1590 1984 1735 2018 auetori-

275 2049 345 2076 tate
364 2049 482 2077 nostra
502 2043 675 2077 ordinaria
692 2043 819 2077 arctius
838 2050 1099 2091 compescentes
1145 2044 1185 2078 IN
1207 2056 1315 2078 culos
1336 2044 1386 2078 rei
1407 2044 1639 2079 testimonium
1658 2057 1735 2091 pre-

277 2102 432 2137 sentibus
453 2116 553 2137 manu
573 2103 751 2138 secretarii
770 2110 805 2138 et
824 2104 1020 2139 tabellionis
1038 2105 1147 2139 nostri
1175 2104 1377 2151 subscriptis
1405 2105 1555 2152 sigillum
1581 2110 1735 2139 nostrum

276 2175 343 2208 quo
375 2162 407 2196 iu
440 2163 563 2196 talibus
596 2163 721 2198 vtimur
751 2170 804 2198 est
834 2177 1021 2211 appensum
1060 2165 1162 2212 Apud
1196 2165 1368 2200 ciuitatem
1392 2165 1648 2212 Glasguensem
1680 2166 1735 2200 die

278 2222 557 2269 vigesimoprimo
576 2224 703 2258 mensis
724 2224 934 2259 Nouembris
957 2226 1061 2259 Anno
1081 2226 1223 2260 Domini
1251 2226 1432 2260 millesimo
1459 2226 1736 2273 quingentesimo

277 2283 645 2331 sexagesimoseptimo
682 2284 807 2319 Coram
822 2285 875 2320 his
890 2286 1037 2320 testibus
1052 2286 1198 2320 dominis
1217 2286 1390 2321 Willelmo
1405 2286 1547 2334 Wilkyn
1586 2286 1736 2322 Ricardo
