1922 2764
233 272 299 303 120
551 267 706 302 LIBER
733 267 982 304 ECCLESIE
1012 267 1353 303 COLLEGIATE

227 372 262 401 et
279 372 374 400 retro
393 365 616 400 extendentis
635 379 653 400 a
671 366 784 400 fronte
809 365 973 400 anteriori
998 365 1041 399 ad
1068 370 1259 399 torrentem
1285 364 1328 398 de
1356 363 1591 410 Malyndonar
1609 377 1685 399 cum

225 426 445 473 pertinentiis
462 435 471 462 Ι
487 426 579 461 dicto
596 426 619 462 J
622 426 749 461 ohanni
769 426 1039 472 Withirspowne
1058 431 1218 471 tanquam
1246 424 1483 471 propinquiori
1509 425 1631 460 heredi
1650 433 1685 460 et

226 487 296 521 filio
314 487 484 534 legittimo
503 487 586 522 dicti
605 487 776 534 quondam
804 486 921 521 Dauid
950 486 1068 520 vltime
1087 485 1290 519 decedentis
1318 485 1351 519 in
1379 491 1471 520 statu
1499 492 1533 520 et
1560 486 1685 521 saisina

225 547 444 582 hereditariis
465 547 619 582 eiusdem
645 560 708 595 per
726 554 819 582 terre
839 553 875 581 et
893 546 1016 592 lapidis
1041 545 1262 580 traditionem
1289 545 1496 580 deliberauit
1518 567 1523 572 ·
1549 547 1685 587 Quibus

225 620 309 642 vero
341 614 430 642 statu
461 614 497 643 et
527 608 653 642 saisina
679 608 728 642 sic
759 606 959 641 deliberatis
989 605 1143 652 prefatus
1173 606 1352 641 Johannes
1384 619 1445 653 pro
1479 607 1685 653 specialibus

224 669 343 704 fauore
362 669 608 704 beneuolentia
634 667 860 702 benemeritis
879 672 914 702 et
932 666 1202 713 gratitudinibus
1229 666 1293 700 sibi
1311 666 1461 702 Johanni
1480 680 1542 714 per
1562 668 1685 714 magis-

223 735 312 763 trum
342 729 549 763 Nicholaum
571 728 832 774 Withirspovne
858 727 1000 761 fratrem
1027 739 1230 773 germanum
1257 727 1340 761 dicti
1367 727 1538 774 quondam
1567 728 1684 763 Dauid

226 795 264 825 ut
290 790 437 824 asseruit
462 789 651 836 impensis!
668 787 896 835 prescriptum
924 794 1162 822 tenementum
1189 800 1264 822 cum
1293 801 1464 822 consensu
1483 794 1518 823 et
1542 801 1684 823 assensu

226 850 317 885 dicte
343 850 488 885 Bessete
514 850 657 884 Forrest
678 861 738 883 sue
758 848 874 883 matris
901 848 935 882 in
965 848 1122 882 manibus
1141 848 1223 882 dicti
1242 849 1359 883 balliui
1379 849 1411 882 in
1430 849 1584 884 fauorem
1603 849 1685 884 dicti

226 911 380 958 magistri
409 910 569 945 Nicholai
596 909 789 955 resignauit
821 930 827 935 -
859 909 939 950 Qua
965 908 1202 955 resignatione
1231 909 1279 943 sic
1305 909 1395 943 facta
1421 909 1510 943 idem
1538 909 1685 944 balliuus

226 977 350 1006 statum
370 977 405 1006 et
423 971 580 1005 saisinam
599 970 829 1004 hereditarios
847 969 1030 1016 prescripti
1050 969 1241 1004 tenementi
1260 969 1352 1004 dicto
1370 970 1535 1016 magistro
1556 970 1684 1005 Nicho-

227 1032 279 1066 lao
300 1032 560 1078 Withirspovne
580 1031 706 1065 ibidem
734 1043 796 1077 pro
815 1043 852 1065 se
871 1036 906 1064 et
924 1030 1112 1065 heredibus
1136 1031 1205 1064 suis
1225 1036 1260 1065 et
1277 1030 1460 1077 assignatis
1478 1031 1632 1077 presenti
1651 1038 1686 1066 et

224 1093 416 1139 acceptanti
432 1091 638 1126 deliberanit
654 1099 662 1127 l
681 1091 910 1125 Reseruando
929 1097 1043 1126 tamen
1063 1090 1154 1125 dicte
1174 1090 1321 1125 Bessete
1341 1091 1487 1125 liberum
1507 1098 1685 1126 tenemen-

224 1158 295 1187 tum
323 1159 359 1187 et
378 1166 473 1187 vsum
492 1153 664 1186 fruetuum
694 1152 776 1186 dicti
807 1151 997 1186 tenementi
1023 1164 1086 1198 pro
1116 1157 1189 1186 toto
1218 1157 1373 1198 tempore
1401 1151 1471 1186 vite
1499 1164 1559 1186 sue
1582 1172 1588 1178 ·
1613 1152 1683 1192 Qui

223 1214 401 1249 Johannes
438 1213 699 1259 VVithirspovne
735 1212 835 1247 tactis
877 1211 1112 1247 Sacrosanctis
1152 1211 1223 1246 Dei
1259 1211 1470 1258 Ewangeliis
1505 1212 1683 1259 corporale

224 1274 376 1321 prestitit
399 1274 631 1320 juramentum
651 1273 741 1319 quod
770 1278 889 1307 contra
916 1272 1083 1319 premissa
1108 1285 1171 1319 per
1199 1285 1234 1307 se
1254 1285 1319 1307 nec
1345 1273 1582 1319 interpositam
1607 1285 1683 1319 per—

224 1347 340 1369 sonam
360 1347 533 1381 nunquam
553 1333 718 1368 deueniet
737 1333 769 1367 in
786 1333 917 1379 judicio
936 1345 1001 1368 nec
1019 1338 1119 1368 extra
1137 1333 1222 1367 illud
1241 1333 1326 1367 clam
1343 1333 1397 1367 vel
1416 1333 1526 1380 palam
1546 1333 1682 1379 quouis·

223 1395 360 1441 quesito
379 1395 494 1429 colore
514 1394 570 1429 vel
589 1393 731 1440 ingenio
750 1394 812 1428 sub
831 1406 921 1440 pena
939 1393 1154 1428 detestabilis
1178 1393 1321 1440 periurii
1341 1393 1478 1428 infamie
1498 1400 1533 1428 et
1551 1393 1681 1428 inhabi-

223 1455 328 1490 litatis
355 1461 524 1502 perpetue
546 1475 552 1481 ·
578 1454 648 1495 Qui
675 1453 840 1500 magister
866 1453 1056 1489 Nicholaus
1075 1454 1243 1501 obligauit
1261 1467 1297 1488 se
1317 1454 1381 1488 sibi
1398 1453 1549 1490 Johanni
1577 1466 1680 1500 super

224 1515 417 1550 huiusmodi
444 1520 644 1549 tenemento
662 1514 886 1561 imposterum
913 1527 1086 1560 nunquam
1114 1514 1299 1561 disponere
1326 1527 1392 1549 nec
1418 1514 1502 1548 illud
1529 1514 1679 1549 alienare

225 1576 289 1610 nisi
308 1575 495 1609 accedente
511 1587 683 1609 consensu
697 1574 778 1608 dicti
797 1574 966 1610 Johannis
980 1575 1100 1610 fraude
1116 1581 1151 1610 et
1165 1575 1244 1609 dolo
1260 1574 1402 1609 seclusis
1424 1595 1430 1600 ·
1455 1575 1679 1610 Presentibus

223 1636 349 1670 ibidem
375 1635 530 1682 prouidis
549 1634 631 1668 viris
649 1634 809 1670 Johanne
839 1635 921 1681 Sym
947 1635 1108 1670 Johanne
1136 1635 1343 1670 Moderwell
1363 1634 1498 1669 Thoma
1525 1635 1678 1681 Bargille

226 1695 375 1729 Ricardo
402 1695 662 1741 iVithirspovne
691 1700 726 1728 et
756 1694 931 1729 Willelmo
960 1694 1051 1729 Park
1078 1717 1084 1722 -
1118 1695 1186 1729 ET
1213 1695 1323 1731 EGO
1351 1695 1468 1730 Dauid
1496 1695 1678 1730 Gibsoune

222 1756 345 1791 artium
363 1755 527 1802 magister
545 1755 731 1802 presbyter
749 1754 981 1802 Glasguensis
996 1755 1145 1790 ciuitatis
1164 1768 1328 1802 sacraque
1343 1756 1546 1790 auctoritate
1566 1755 1679 1802 Apos-

221 1817 324 1851 tolica
342 1816 495 1850 notarius
548 1815 641 1856 Quia
662 1813 758 1861 [etc]

220 1965 291 2030 IN
317 1995 407 2028 DEI
435 1994 571 2029 nomine
591 1993 707 2029 Amen
730 2015 735 2020 ·
761 1994 828 2028 Per
845 1993 910 2028 boc
934 1994 1109 2041 publicum
1127 1995 1392 2030 instrumentum
1410 1995 1543 2030 cunctis
1561 2001 1678 2042 pateat

221 2055 313 2101 quod
331 2067 420 2089 anno
439 2055 685 2089 incarnationis
707 2054 891 2089 Dominice
910 2055 1091 2090 millesimo
1109 2055 1388 2102 quingentesimo
1407 2056 1678 2102 trigesimonono

222 2115 277 2150 die
297 2128 380 2149 vero
398 2116 525 2149 mensis
542 2115 695 2162 Augusti
710 2115 914 2149 duodecimo
930 2124 939 2151 Ι
956 2115 996 2149 Ιῐ]
1015 2115 1082 2150 mei
1100 2115 1224 2150 notarii
1243 2116 1371 2163 publici
1389 2121 1425 2150 et
1442 2116 1581 2150 testium
1600 2116 1677 2150 sub-

222 2176 426 2222 scriptorum
461 2176 638 2222 presentia
668 2175 900 2222 personaliter
935 2176 1081 2211 accessit
1113 2176 1278 2222 magister
1316 2176 1504 2211 Nicholaus
1536 2176 1677 2211 Withir-

222 2249 352 2284 spovne
371 2236 519 2270 vicarius
538 2236 581 2270 de
603 2236 830 2270 Stratbavane
850 2236 892 2270 ad
910 2242 1021 2270 terras
1041 2236 1251 2283 subscriptas
1274 2236 1431 2283 jacentes
1449 2236 1483 2270 in
1503 2235 1677 2271 territorio

221 2296 323 2344 burgi
349 2297 392 2331 de
421 2296 662 2342 Rutherglene
681 2304 688 2331 l
706 2296 868 2342 Inprimis
895 2296 937 2330 ad
964 2309 1068 2331 vnum
1090 2302 1326 2331 tenementum
1344 2296 1379 2330 in
1400 2296 1521 2332 Crofta
1539 2296 1676 2330 Boreali
