1922 2764
64 685 174 720 xxxii.

65 2152 187 2187 xxxiii.

656 205 830 241 CARTE
862 205 1251 240 GLASGUENSES.
1614 207 1684 243 ’257

226 315 430 350 Alexandro
452 315 532 350 Soot
550 315 782 361 burgensibus
800 315 891 350 dicte
911 315 1060 350 ciuitatis
1082 314 1316 361 Glasguensis
1347 314 1494 349 testibus
1517 335 1522 341 ·
1546 313 1683 348 Thoma

227 377 389 424 Hugonis
408 377 534 412 clerico
556 377 789 424 Glasguensis
807 377 954 412 diocesis
975 376 1108 412 notario
1126 376 1264 424 publico
1287 397 1293 402 ·

226 559 400 595 Vendicio
415 559 517 606 annuj
535 559 691 594 redditus
710 572 731 593 v
751 559 937 593 solidorum
952 559 995 593 de
1007 563 1208 593 tenemento
1221 557 1349 592 domini
1363 557 1533 593 Johannis
1551 557 1686 593 Gluuar

226 653 281 719 In
301 684 373 719 Dei
391 685 529 719 nomine
550 684 665 719 Amen
686 697 747 732 per
765 684 831 718 hoc
849 684 1113 719 instrumentum
1142 689 1258 731 pateat
1274 692 1282 719 Ι
1299 683 1390 730 quod
1409 695 1499 717 anno
1518 682 1560 716 ab
1579 681 1687 716 incar-

226 746 370 781 nacione
398 746 540 793 Dominj
570 746 751 781 millesimo
779 745 1122 793 quadringentesimo
1149 744 1385 791 octuagesimo
1412 750 1534 779 octauo
1561 743 1689 777 mensis

227 820 311 842 vero
331 807 544 842 Nouembris
563 807 619 842 die
638 807 802 842 vicesimo
821 807 967 853 septimo
990 827 996 833 ·
1019 806 1059 840 In
1079 812 1274 840 nostrorum
1302 805 1514 840 notariorum
1537 804 1688 851 publico-

227 881 301 903 rum
329 874 364 903 et
390 868 530 904 testium
557 868 827 916 subscriptorum
858 867 1041 915 presencia
1067 867 1195 914 probus
1222 867 1274 901 vir
1303 866 1486 900 Wilelmus
1516 864 1625 912 Sprwl
1655 871 1689 899 et

227 929 356 965 Joneta
376 929 461 964 Burl
481 929 554 964 eius
587 942 713 976 sponsa
730 929 965 964 vendiderunt
983 928 1134 975 quinque
1162 928 1290 962 solidos
1316 927 1419 974 annuj
1448 926 1605 961 redditus
1622 934 1630 961 Ι
1647 926 1689 960 de

229 995 429 1025 tenemento
457 990 583 1036 dominj
611 990 781 1026 Johannis
803 990 939 1025 Gluuar
962 990 1101 1036 jacente
1120 989 1210 1023 infra
1235 988 1409 1024 ciuitatem
1432 988 1689 1034 Glasguensem

229 1063 274 1086 ex
294 1057 390 1098 parte
409 1051 530 1086 boriali
549 1051 662 1098 magnj
684 1051 749 1098 vicj
771 1050 995 1086 extendentis
1013 1064 1033 1085 a
1059 1050 1173 1085 Cruce
1193 1050 1309 1084 Forali
1336 1048 1550 1096 Glasguensi
1569 1061 1690 1083 versus

230 1111 408 1159 Capellam
431 1113 556 1147 Sancte
576 1112 735 1147 Thenuw
753 1112 844 1147 inter
863 1118 974 1147 terras
994 1112 1066 1146 siue
1083 1117 1284 1146 tenementa
1303 1110 1450 1146 Roberti
1468 1110 1630 1157 Hugonis
1647 1122 1691 1144 ex

228 1180 326 1220 parte
358 1173 563 1208 occidentali
595 1180 630 1208 et
661 1173 797 1208 Thome
830 1173 994 1208 Menthet
1025 1185 1070 1207 ex
1101 1178 1198 1219 parte
1231 1171 1390 1206 orientali
1412 1180 1420 1208 l
1437 1184 1513 1206 oum
1545 1177 1690 1218 quatuor

229 1234 417 1281 aggeribus
443 1235 639 1281 jacentibus
670 1234 704 1268 in
724 1234 942 1281 longitudine
971 1240 1006 1268 et
1036 1233 1218 1268 latitudine
1246 1246 1264 1268 a
1292 1233 1360 1268 fine
1387 1232 1470 1267 dicti
1501 1232 1692 1267 tenementi

230 1307 352 1329 versus
371 1308 583 1330 communem
605 1295 693 1330 viam
712 1295 960 1330 extendentem
986 1295 1027 1329 ad
1047 1295 1217 1329 venellam
1246 1307 1312 1341 que
1333 1294 1531 1341 wulgariter
1551 1300 1692 1328 vocatur

229 1356 262 1391 le
295 1356 488 1391 Rounaldis
519 1356 764 1404 Wyndlquos
791 1356 929 1403 quidem
960 1356 1112 1403 quinque
1140 1356 1268 1391 solidos
1295 1356 1398 1403 annuj
1431 1355 1588 1390 redditus
1619 1355 1692 1402 ipse

232 1417 415 1452 Wilelmus
432 1418 541 1465 Sprwl
560 1418 643 1453 emit
661 1431 705 1453 ex
724 1417 864 1465 proprio
883 1424 1074 1464 conquestu
1094 1430 1113 1451 a
1131 1417 1269 1451 domino
1289 1417 1331 1451 de
1353 1416 1542 1452 Coldowne
1560 1425 1569 1452 l
1585 1416 1693 1463 probo

231 1484 267 1513 et
284 1478 434 1513 discreto
450 1479 524 1513 viro
543 1478 676 1526 prefato
695 1479 834 1513 domino
847 1478 998 1525 Johannj
1018 1478 1154 1514 Gluuar
1171 1486 1180 1514 l
1196 1491 1259 1525 pro
1278 1491 1408 1512 summa
1422 1478 1574 1525 quinque
1594 1477 1693 1512 libra-

232 1553 306 1574 rum
322 1540 449 1575 vsualis
464 1546 602 1575 monete
618 1540 718 1588 regni
736 1540 856 1575 Seocie
879 1561 885 1567 -
910 1541 1002 1575 Aeta
1014 1540 1156 1575 fuerunt
1169 1539 1235 1574 hec
1249 1552 1353 1585 super
1368 1540 1511 1574 fundum
1526 1539 1692 1574 dictarum

231 1608 401 1636 terrarum
419 1601 641 1649 presentibus
659 1602 786 1636 ibidem
814 1601 931 1648 probis
951 1610 986 1636 et
1012 1601 1167 1635 honestis
1194 1600 1352 1648 personis
1376 1600 1534 1635 Roberto
1554 1600 1668 1635 Brade
1685 1611 1693 1637 Ι

231 1662 391 1699 ,Iohanne
421 1663 659 1698 Hammiltoun
713 1663 870 1697 Roberto
899 1663 972 1697 Ker
1014 1662 1175 1698 Johanne
1204 1662 1397 1697 Hawstoun
1440 1662 1573 1698 ,Iacobo
1595 1662 1695 1697 Mak-

233 1736 336 1758 uecar
353 1732 362 1760 Ι
380 1723 543 1759 Wilelmo
561 1723 736 1771 Ambrosij
773 1724 937 1759 Gilberto
951 1724 1099 1770 Flemyn
1143 1723 1305 1758 Wilelmo
1323 1723 1480 1758 Wodcok
1496 1730 1531 1758 et
1546 1723 1695 1759 Patricio

236 1783 376 1830 Cragye
393 1792 402 1820 l
418 1784 565 1819 testibus
587 1805 593 1810 -
620 1784 778 1832 Georgio
794 1784 912 1819 Lorne
927 1784 1123 1832 presbitero
1141 1784 1373 1832 Glasguensis
1392 1784 1543 1819 diocesis
1561 1785 1695 1820 notario

233 1844 372 1890 publico
394 1865 400 1871 -

237 2029 509 2064 Instrumentum
530 2028 664 2064 Thome
686 2028 849 2076 Hugonis

237 2122 294 2188 IN
315 2153 392 2188 Dm
411 2165 554 2188 NOMINE
576 2153 691 2188 ΑΜΕΝ
715 2174 721 2180 ·
746 2153 814 2188 Per
826 2153 892 2188 hoc
906 2153 1173 2188 instrumentum
1186 2159 1304 2201 pateat
1318 2156 1409 2200 quod
1427 2166 1518 2188 anno
1532 2154 1574 2189 ab
1588 2154 1698 2190 incar-

196 2238 203 2247 .
238 2215 383 2250 nacione
402 2214 546 2249 Domini
576 2214 757 2249 millesimo
776 2214 1119 2262 quadringentesimo
1144 2214 1371 2262 nonagesimo
1389 2221 1511 2262 quarto
1533 2236 1539 2242 -
1562 2215 1618 2251 die
1638 2217 1697 2263 xiij

239 2275 366 2311 mensis
387 2275 602 2323 Septembris
646 2275 685 2310 In
705 2275 773 2311 mei
799 2275 923 2322 notarij
952 2275 1078 2322 publicj
1104 2281 1140 2311 et
1156 2275 1297 2311 testium
1324 2276 1595 2323 subscriptorum
1622 2290 1698 2324 pre-

954 2339 972 2365 ⁴2
990 2345 1010 2365 K
