1922 2764
221 234 268 269 46
548 231 703 267 LIBER
730 231 977 268 ECCLESIE
1006 229 1345 265 COLLEGIATE

223 390 424 437 SEQUITUR
455 399 642 446 assignatio
669 399 736 434 mei
761 398 953 433 fundatoris
978 398 1068 432 facta
1094 397 1195 431 dictis
1226 394 1466 442 prebendariis
1496 408 1559 442 pro
1589 408 1678 430 com-

221 460 345 494 muniis
363 460 455 494 inter
473 460 613 495 eosdem
632 459 801 506 equaliter
819 458 1065 493 distribuendis

221 547 470 614 INPRIMIS
496 579 635 624 assigno
662 585 697 613 et
723 579 766 612 do
794 578 857 612 hec
889 577 1082 623 subscripta
1104 584 1112 611 Ι
1134 575 1299 610 videlicet
1319 584 1327 611 l
1349 576 1433 610 duas
1464 588 1559 610 acras
1586 582 1679 610 terre

216 641 375 686 jacentes
393 639 556 685 contigue
575 640 608 673 in
630 638 769 684 Mylhill
796 638 887 672 inter
911 643 1022 671 terras
1041 635 1247 670 vicariorum
1267 636 1362 670 chori
1385 636 1615 682 Glasguensis
1635 650 1681 671 ex

222 700 361 735 australi
381 706 416 734 et
432 706 544 734 terras
564 699 756 746 Hospitalis
778 698 894 733 Sancti
915 697 1075 732 Nicholai
1095 709 1140 731 ex
1157 696 1288 731 boreali
1307 696 1460 743 partibus
1477 706 1485 733 Ι
1502 697 1591 731 Item
1610 703 1680 732 tres

221 761 326 795 libras
344 761 471 795 vsualis
490 766 627 794 monete
646 759 747 806 regni
769 758 884 793 Scotie
902 757 1007 792 annui
1026 757 1183 791 redditus
1203 757 1246 791 de
1265 763 1466 792 tenemento
1488 758 1627 804 jacente
1645 758 1680 792 in

223 821 292 855 Via
310 821 493 855 Fullonum
512 833 556 855 ex
575 819 733 855 orientali
759 824 857 866 parte
884 818 976 852 inter
1003 824 1113 852 terras
1132 818 1303 864 quondam
1325 818 1471 852 Roberti
1496 818 1617 864 Roger
1638 830 1682 853 ex

222 882 363 916 australi
377 887 412 916 et
430 888 540 916 terras
555 881 725 927 quondam
739 879 908 915 Johannis
926 878 1094 912 IVodrufe
1114 890 1158 912 ex
1177 877 1308 912 boreali
1326 878 1481 925 partibus
1497 887 1506 914 Ι
1523 878 1571 912 sic
1589 879 1680 925 quod

221 942 364 988 triginta
391 942 489 976 solidi
516 941 723 976 leuabuntur
742 946 777 974 et
794 939 1031 986 percipientur
1050 939 1093 973 de
1112 939 1250 985 integra
1268 939 1490 973 dimedietate
1509 951 1586 973 cun]
1604 945 1680 973 orto

222 1003 376 1037 eiusdem
402 1003 448 1036 Et
474 1002 616 1048 triginta
642 1001 741 1035 solidi
769 1001 812 1035 de
839 1001 948 1034 altera
971 1000 1193 1034 dimedietate
1221 999 1376 1034 eiusdem
1394 1000 1585 1034 tenementi
1603 1012 1678 1034 cum

224 1070 299 1097 orto
318 1063 430 1097 eidem
449 1068 626 1109 spectante
644 1070 652 1097 l
669 1061 757 1096 Item
776 1067 1014 1096 tenementum
1033 1073 1145 1095 meum
1165 1067 1245 1095 ante
1265 1066 1300 1095 et
1318 1066 1412 1094 retro
1435 1060 1555 1106 jacens
1574 1060 1682 1095 inivia

223 1137 289 1170 que
308 1124 402 1158 ducit
420 1136 438 1157 a
459 1123 554 1157 Loco
572 1123 731 1157 Fratrum
752 1121 1013 1156 Prcdicatorum
1039 1121 1083 1156 ad
1103 1121 1252 1156 Crucem
1280 1121 1438 1155 Foralem
1459 1134 1503 1155 ex
1522 1121 1680 1155 orientali

223 1190 320 1231 parte
352 1184 539 1218 communis
571 1183 625 1218 vie
655 1183 809 1218 eiusdem
840 1183 930 1217 inter
963 1188 1201 1217 tenementum
1229 1181 1429 1216 Archibaldi
1458 1181 1614 1216 VVilsone
1646 1188 1682 1216 et

222 1246 349 1281 Jonetc
372 1244 570 1279 Merschiall
590 1244 773 1290 coniugum
793 1256 838 1278 ex
856 1243 996 1277 australi
1012 1249 1047 1277 et
1061 1249 1297 1277 tenementum
1316 1248 1475 1289 spectans
1491 1242 1680 1289 capellanie

226 1306 341 1340 Sancti
372 1305 480 1340 Rochi
506 1317 550 1340 ex
577 1304 707 1339 boreali
733 1304 913 1351 partibus!
931 1303 1019 1337 Item
1037 1315 1141 1338 vnum
1161 1309 1397 1337 tenementum
1421 1303 1540 1349 jacens
1559 1303 1592 1336 in
1614 1303 1683 1337 Via

224 1366 407 1401 Fullonum
427 1372 506 1400 ante
525 1372 561 1400 et
578 1371 673 1400 retro
691 1378 766 1400 cum
785 1370 861 1399 orto
880 1364 1033 1399 eiusdem
1054 1363 1166 1398 eidem
1185 1363 1365 1397 adiacente
1385 1375 1429 1397 cx
1454 1368 1551 1409 parte
1571 1363 1682 1398 orien—

223 1428 282 1462 tali
301 1427 489 1462 eommunis
509 1427 562 1460 vie
581 1426 672 1460 inter
690 1431 927 1460 tenementum
946 1424 1082 1458 Thome
1103 1423 1300 1458 Blithmann
1321 1435 1365 1457 ex
1385 1423 1514 1457 boreali
1533 1429 1568 1457 et
1586 1430 1681 1458 tene-

224 1494 377 1522 mentum
395 1487 565 1534 quondam
583 1487 711 1522 Jonete
731 1486 819 1520 Blak
845 1498 937 1519 nunc
955 1491 1068 1519 autem
1096 1484 1225 1518 domini
1254 1484 1349 1518 Petri
1377 1483 1459 1517 Law
1479 1496 1523 1518 ex
1541 1484 1681 1518 australi

224 1549 378 1596 partibus
395 1548 508 1584 [Item
531 1547 610 1581 volo
637 1547 728 1594 quod
755 1559 874 1580 omnes
901 1552 937 1580 et
963 1545 1090 1591 singuli
1116 1542 1338 1591 prebendarii
1365 1543 1621 1590 participabunt
1646 1545 1679 1578 in

226 1609 403 1643 commodo
431 1609 525 1642 lucro
557 1614 593 1642 et
622 1608 770 1654 dampno
797 1606 946 1641 omnium
977 1605 1201 1652 exequiarum
1233 1611 1268 1639 et
1298 1604 1451 1638 obituum
1483 1604 1574 1639 dicte
1607 1617 1681 1640 mee

225 1670 382 1704 Ecclesie
408 1669 603 1715 Collegiate
631 1668 677 1702 Et
703 1668 747 1702 ob
772 1667 939 1714 premissa
964 1667 1067 1700 iidem
1094 1665 1316 1713 prebendarii
1344 1665 1531 1699 cantabunt
1562 1665 1680 1699 missas

226 1731 477 1777 subsequentes
494 1738 503 1765 Ι
519 1729 683 1763 videlicet
698 1737 707 1764 Ι
723 1728 764 1762 In
790 1727 880 1762 omni
908 1727 1059 1762 secunda
1076 1727 1163 1761 feria
1189 1726 1332 1760 Missam
1351 1726 1395 1761 de
1416 1727 1551 1773 Requie
1568 1735 1576 1763 Ι
1594 1727 1681 1761 Item

226 1791 317 1825 omni
335 1790 439 1825 tertia
454 1790 540 1824 feria
560 1789 703 1824 Missam
721 1789 765 1823 de
787 1789 912 1823 Sancta
930 1788 1036 1822 Anna
1054 1793 1161 1822 matre
1181 1787 1386 1822 Beatissime
1407 1787 1519 1821 Marie
1540 1787 1682 1833 Virgin-

226 1852 254 1886 is
271 1860 279 1887 l
296 1857 330 1886 et
342 1851 432 1885 omni
445 1855 566 1898 quarta
576 1849 662 1884 feria
677 1849 821 1884 Missam
833 1849 876 1883 de
891 1848 1139 1895 Compassione
1154 1847 1358 1883 Beatissime
1373 1848 1487 1882 Marie
1500 1847 1656 1894 Virginis
1673 1857 1681 1884 l

229 1912 314 1946 Item
334 1912 413 1946 volo
432 1912 523 1958 quod
549 1911 584 1945 in
604 1910 733 1945 eisdem
760 1910 872 1944 missis
894 1909 1072 1944 cantandis
1098 1909 1308 1943 interierunt
1333 1908 1583 1955 prebendarius
1602 1921 1682 1943 exe-

227 1978 324 2007 cutor
343 1985 419 2006 cum
437 1972 581 2006 diacono
600 1977 635 2006 et
652 1971 762 2005 tribus
788 1970 905 2018 pueris
923 1982 962 2004 ac
979 1970 1113 2004 duobus
1131 1969 1206 2003 aliis
1230 1968 1468 2015 prebendariis
1488 1969 1535 2003 Et
1552 1968 1617 2003 hoc
1640 1969 1683 2003 ad

228 2033 439 2067 exorandum
459 2033 575 2067 Deum
596 2031 813 2067 Altissimum
838 2044 902 2078 pro
928 2031 1040 2065 anima
1066 2043 1142 2065 mea
1159 2036 1195 2065 et
1212 2042 1275 2076 pro
1299 2029 1475 2064 animabus
1501 2036 1682 2075 parentum

228 2093 485 2126 benefactorum
511 2105 664 2127 meorum
683 2098 719 2127 et
738 2092 886 2126 omnium
912 2091 1065 2126 fidelium
1092 2090 1332 2125 defunctorum
1349 2098 1358 2126 l
1374 2089 1421 2124 Et
1445 2089 1545 2124 dietis
1571 2090 1682 2124 missis

228 2153 333 2187 finitis
345 2153 460 2187 dicant
476 2161 484 2188 Ι
502 2153 558 2187 De
573 2153 757 2187 Profundis
774 2161 782 2188 Ι
799 2152 889 2199 apud
902 2151 1122 2199 sepulchrum
1135 2163 1249 2186 meum
1261 2163 1337 2185 cum
1350 2150 1562 2184 orationibus
1574 2150 1683 2184 solitis

230 2219 265 2247 et
281 2213 456 2247 consuetis
473 2221 481 2249 l
498 2213 545 2247 Et
566 2226 628 2259 pro
654 2213 848 2247 huiusmodi
867 2212 1067 2247 communiis
1086 2211 1291 2258 colligendis
1310 2211 1482 2257 eligantur
1508 2210 1682 2244 annuatim

231 2273 298 2307 duo
312 2273 532 2320 prebendarii
546 2279 787 2320 procuratores
801 2273 836 2306 in
849 2272 998 2319 capitulo
1013 2271 1176 2306 Sabatino
1191 2271 1448 2306 Penthecostali
1465 2278 1474 2306 l
1490 2269 1684 2316 quifacient
