1922 2764
161 1387 214 1419 13.

154 2316 207 2346 14.

667 231 884 266 ORDINIS
913 231 1350 270 PREDICATORUM.
1674 244 1740 275 155

276 340 423 375 ecclesie
443 341 631 376 eorundem
655 363 661 367 -
684 341 809 388 viginti
824 355 955 377 marcas
971 343 1217 389 sterlingorum
1233 345 1475 392 percipiendas
1492 347 1555 381 sibi
1571 354 1606 383 et
1620 361 1739 384 eorum

276 401 531 436 successoribus
550 402 583 436 in
603 409 810 449 perpetuum
829 403 872 439 de
892 403 998 438 firmis
1017 404 1145 439 nostris
1160 405 1203 439 de
1219 405 1360 440 Cadiow
1374 408 1549 442 annuatim
1567 418 1576 445 l
1592 410 1633 444 ad
1653 411 1739 445 duos

273 462 353 496 anni
380 462 545 497 terminos
567 483 573 489 ·
597 463 717 497 decem
744 476 876 499 marcas
903 465 1068 500 videlicet
1094 466 1137 500 ad
1166 466 1307 501 Festum
1338 467 1564 504 pentecostes
1594 477 1628 505 et
1655 472 1739 506 alias

273 523 392 557 decem
420 535 550 558 marcas
577 524 620 558 ad
640 524 780 560 Festum
803 526 920 561 Sancti
940 526 1085 561 Martini
1104 527 1138 562 in
1158 527 1284 575 hyeme
1307 549 1313 555 -
1337 530 1485 564 termino
1512 531 1620 577 prime
1649 533 1738 567 solu-

272 583 380 618 cionis
407 583 596 631 incipiente
622 586 665 620 ad
693 586 834 621 Festum
865 587 1118 625 Pentecostesl
1139 589 1220 623 anni
1246 589 1365 636 gracie
1387 598 1396 626 l
1418 590 1588 625 millesimi
1613 613 1618 618 ·
1642 593 1708 628 ccci
1732 579 1761 620 -·

271 644 508 691 quintidecimi
531 667 537 672 -
563 646 682 687 Quare
703 648 800 683 vobis
827 649 1029 684 mandamus
1056 656 1092 684 et
1119 650 1329 697 precipimus
1357 651 1518 698 quatinus
1537 652 1637 687 dictis
1657 654 1738 688 Fra-

269 706 379 740 tribus
407 712 442 741 et
468 719 586 742 eorum
614 709 896 755 procuratoribus
924 710 1033 745 dictas
1052 710 1177 757 viginti
1205 724 1336 746 marcas
1358 711 1565 758 [annuatim]
1587 715 1739 760 pei-solui

265 766 398 802 faciatis
419 789 425 794 -
448 768 659 815 recipientes
685 770 728 804 ab
756 770 885 805 eisdem
913 771 1047 806 litteras
1074 772 1312 819 acquietancie
1341 773 1384 808 de
1413 773 1535 808 solutis
1553 783 1562 810 l
1580 773 1626 809 Et
1653 776 1734 822 quid

268 828 303 861 in
330 827 396 863 hoc
414 828 669 876 apposfueritis]
689 831 900 878 precipimus
922 832 1123 868 Camerario
1143 839 1262 868 nostro
1284 834 1404 869 Scocie
1424 834 1481 881 qui
1500 848 1563 882 pro
1582 841 1738 883 tempore

269 888 375 924 fuerit
393 890 484 937 quod
504 891 601 925 vobis
621 891 654 925 in
674 893 843 939 compotis
862 893 989 928 vestris
1014 893 1118 929 faciat
1135 895 1275 929 allocari
1298 916 1304 921 ·
1328 895 1367 929 In
1389 896 1496 943 cui[us
1515 896 1565 931 rei
1585 898 1738 932 testimo-

270 951 363 985 nium
394 951 468 995 b]as
496 952 630 987 litteras
662 960 797 988 nostras
828 954 926 989 vobis
958 955 1124 990 mittimus
1156 955 1390 1003 inspiciendas
1423 962 1458 991 et
1487 970 1596 1004 penes
1628 958 1737 993 dictos

268 1012 410 1047 Fratres
436 1020 607 1060 perpetuo
634 1027 853 1051 remansuras
881 1038 886 1043 ·
919 1017 1062 1064 Da[tum
1090 1017 1180 1064 apud
1210 1016 1297 1063 Are]
1327 1018 1447 1053 vltimo
1479 1019 1534 1054 (lic
1565 1019 1699 1067 Aprilis
1731 1043 1735 1047 -

271 1073 377 1108 Anno
395 1074 497 1121 regni
518 1075 626 1110 nostri
647 1075 797 1111 Decimo
819 1099 824 1103 ·

270 1256 561 1305 Transsumptum
579 1266 674 1294 carte
697 1258 865 1307 Gilaspec
884 1260 1126 1296 Maelouchlan

267 1350 464 1419 Nouerint
482 1385 636 1419 vniuersi
664 1398 749 1432 quos
776 1398 878 1420 nosse
905 1386 1012 1421 fuerit
1038 1393 1244 1434 oportunum
1273 1388 1364 1435 quod
1392 1402 1455 1423 nos
1474 1389 1590 1425 balliui
1611 1392 1734 1425 ceteri-

266 1457 332 1491 que
361 1446 554 1492 burgenses
582 1446 625 1481 de
653 1447 899 1482 communitate
927 1447 1078 1483 ciuitatis
1100 1449 1332 1496 Glasguensis
1359 1450 1536 1485 lvidimus
1564 1458 1599 1486 et
1627 1452 1733 1487 lectas

264 1506 458 1541 audiuimus
492 1507 611 1542 literas
646 1508 737 1542 bone
777 1508 942 1543 memorie
981 1509 1150 1556 Gilaspec
1186 1510 1428 1545 Maclouchlan
1474 1513 1645 1558 quondam
1690 1513 1733 1547 (le

264 1568 418 1615 Ergadia
434 1577 442 1604 l
460 1581 559 1604 sanas
578 1575 613 1603 et
631 1569 787 1615 integras
804 1578 813 1605 l
829 1582 966 1604 necnon
987 1577 1022 1605 et
1042 1570 1156 1617 sigillo
1176 1571 1330 1606 eiusdem
1353 1572 1521 1620 Gilaspec
1539 1573 1706 1620 sigillatas
1725 1585 1732 1611 s

262 1642 302 1663 ac
320 1630 434 1676 sigillo
452 1630 663 1664 venerabilis
691 1631 798 1677 patris
818 1630 963 1665 Domini
985 1631 1132 1666 Andree
1152 1632 1223 1666 Dei
1250 1633 1367 1678 gracia
1394 1633 1557 1681 Episcopi
1578 1635 1731 1682 Ergadie

263 1691 429 1736 sigillatas
446 1700 454 1727 l
471 1704 537 1738 que
557 1698 749 1738 sequuntur
766 1704 830 1738 per
845 1692 1003 1726 ordinem
1024 1692 1244 1727 continentes
1263 1714 1268 1719 -
1293 1714 1298 1719 -
1321 1694 1498 1728 OMNmUs
1519 1694 1579 1729 has
1598 1695 1731 1731 litteras

262 1751 389 1786 visuris
408 1751 463 1786 vel
483 1752 650 1786 audituris
668 1761 676 1788 Ι
696 1752 865 1799 Gilaspec
887 1752 1131 1787 Maelouchlan
1152 1753 1187 1787 in
1214 1754 1368 1800 Ergadia
1394 1755 1538 1790 salutem
1556 1765 1565 1791 Ι
1582 1755 1732 1792 Noueri-

262 1812 305 1846 tis
325 1824 378 1846 me
404 1812 567 1848 dedisse!
588 1813 666 1859 [etc.
687 1818 866 1859 utsupra,
888 1825 945 1848 no.
966 1818 998 1852 9.
1015 1825 1132 1860 pagg.
1156 1817 1232 1855 152,
1260 1815 1343 1861 153]
1364 1835 1369 1841 ·
1393 1835 1399 1841 -
1420 1815 1462 1850 IN
1482 1817 1728 1862 premissorum

262 1873 368 1919 igitur
387 1873 536 1907 omnium
555 1873 790 1908 testimonium
807 1883 816 1910 Ι
833 1874 984 1920 sigillum
1015 1881 1132 1910 nostre
1154 1875 1408 1910 communitatis
1426 1877 1648 1922 presentibus
1676 1886 1729 1913 est

262 1946 450 1980 appensum
476 1943 484 1969 s
505 1934 636 1968 Datum
663 1935 754 1981 apud
785 1934 923 1981 Glasgu
948 1944 956 1971 l
982 1935 1168 1971 Dominioa
1198 1937 1230 1970 in
1267 1936 1567 1984 Quinquagesima
1590 1947 1599 1974 l
1621 1939 1728 1973 Anno

263 1994 407 2029 Domini
429 2015 435 2021 -
457 1998 504 2028 m⁰
528 2016 533 2021 -
557 1998 629 2030 ccc⁰
651 2016 657 2021 -
681 1995 846 2030 vicesimo
866 1996 1019 2030 secundo
1042 2017 1047 2022 -

263 2179 370 2213 Carta
386 2178 556 2214 ,Iohannis
575 2178 618 2213 de
641 2178 766 2213 Govan
786 2178 829 2212 de
849 2184 982 2224 septem
1002 2178 1087 2224 rigis
1106 2178 1139 2211 in
1160 2178 1397 2214 Brwmmelaw
1416 2187 1471 2215 etc
1497 2204 1501 2208 -

263 2273 466 2339 Vniuersis
482 2309 600 2339 sancte
616 2304 733 2338 matris
749 2303 897 2338 ecclesie
912 2303 991 2349 filijs
1007 2303 1048 2338 ad
1065 2316 1209 2350 quorum
1225 2304 1389 2340 noticiam
1410 2312 1592 2352 presentes
1611 2307 1727 2342 littere
