1922 2764
148 1203 193 1236 xi.

681 297 856 334 CARTE
887 298 1276 333 GLASGUENSES.
1639 303 1703 334 241

249 406 389 441 Knovvis
409 419 453 442 ex
481 413 576 454 parte
604 406 808 441 occidentali
842 414 934 442 terre
958 407 1151 442 Subdecani
1185 407 1332 441 ecclesie
1356 407 1588 453 Glasguensis
1607 409 1649 442 de
1678 409 1710 443 le

249 467 429 502 Deneside
453 467 543 502 inter
562 473 688 502 terram
717 467 877 502 Fratrum
906 468 1167 502 Predicatorum
1194 468 1238 502 de
1261 467 1397 514 Glasgu
1418 481 1461 502 ex
1482 476 1578 515 parte
1599 470 1711 503 orien-

247 526 305 561 tali
325 533 360 561 et
377 533 504 562 terram
525 539 624 574 quam
652 534 734 562 tunc
760 527 880 562 habuit
902 528 1095 563 Willelmus
1117 528 1277 563 Nicholai
1304 528 1488 575 burgensis
1508 529 1590 564 dicti
1609 530 1710 576 burgi

245 594 344 634 parte
371 600 415 622 ex
440 588 549 622 altera
570 608 576 614 -
600 588 791 622 venerabili
818 588 892 622 viro
919 589 1084 636 magistro
1111 589 1262 625 Johanni
1294 590 1485 624 Senescalli
1514 590 1710 625 subdecano

246 647 393 682 ecclesie
414 648 646 695 Glasguensis
669 668 674 674 -
698 654 733 683 et
752 649 821 683 suis
837 649 1020 696 assignatis
1042 671 1048 677 ·
1071 663 1133 697 pro
1148 650 1273 696 viginti
1293 650 1410 684 solidis
1426 651 1553 685 vsualis
1573 658 1710 686 monete

248 709 368 743 Scocie
395 729 401 736 ·
430 709 521 744 Acta
558 709 700 744 fuerunt
739 710 804 744 hec
835 710 868 744 in
906 710 1045 745 ciuitate
1081 711 1294 756 Glasguensi
1323 732 1329 737 ·
1357 711 1391 745 in
1432 711 1533 746 domo
1564 712 1710 759 predicti

245 770 414 806 Johannis
435 771 557 816 Smyth
574 771 820 818 [presentibus
840 772 966 806 ibidem
990 793 995 798 ·
1019 772 1111 807 dicto
1132 772 1307 807 Willelmo
1341 772 1501 807 Nicholai
1529 773 1657 807 balliuo
1677 781 1711 807 et

244 831 405 867 <Iohanne
428 831 600 878 Morgane
632 832 865 879 burgensibus
894 833 976 867 dicti
1003 833 1105 880 burgi
1132 833 1175 868 de
1198 832 1331 880 Glasgu
1351 834 1498 869 testibus
1521 856 1527 861 -
1550 834 1709 870 ‚Iohanne

246 893 289 927 de
310 892 457 928 Hawike
476 893 683 940 presbytero
706 893 938 940 Glasguensis
958 894 1106 929 diocesis
1125 895 1259 930 notario
1278 895 1415 942 publico

249 1073 355 1109 Carta
377 1073 513 1120 Patricij
536 1074 710 1121 Flemyng
728 1074 771 1109 de
793 1074 1030 1121 Kyrkmychel

249 1168 436 1234 Omnibus
455 1200 520 1235 hoc
539 1199 703 1247 scriptum
722 1200 847 1234 visuris
866 1200 921 1234 vel
942 1200 1108 1234 audituris
1142 1200 1311 1235 Patricius
1341 1201 1514 1249 Flemyng
1532 1202 1574 1237 de
1597 1203 1711 1249 Kyrk-

246 1261 383 1306 mychel
430 1261 581 1296 Salutem
601 1261 634 1295 in
666 1261 818 1295 Domino
837 1261 1080 1308 sempiternam
1098 1270 1107 1297 Ι
1128 1261 1276 1296 Nouerit
1295 1263 1503 1297 vniuersitas
1522 1270 1639 1299 vestra
1657 1277 1710 1299 me

247 1321 347 1355 titulo
378 1321 594 1356 vendicionis
625 1321 809 1356 tradidisse
836 1321 1028 1356 venerabili
1060 1322 1134 1356 viro
1165 1323 1331 1369 magistro
1349 1323 1498 1360 Johanni
1523 1325 1712 1360 Senescalli

246 1382 444 1417 subdecano
479 1382 626 1417 ecclesie
662 1382 893 1429 Glasguensis
932 1383 1130 1430 quindecim
1170 1384 1298 1418 solidos
1338 1385 1444 1419 annui
1478 1386 1636 1420 redditus
1668 1387 1710 1421 de

245 1443 393 1478 diuersis
411 1443 620 1478 tenementis
641 1443 674 1477 in
693 1443 833 1479 ciuitate
853 1443 1068 1491 Glasguensi
1095 1444 1288 1479 iacentibus
1307 1445 1408 1480 michi
1428 1446 1564 1481 debitos
1587 1468 1593 1473 ·
1618 1447 1711 1482 vide-

244 1504 326 1538 licet
348 1525 354 1530 ·
379 1503 542 1551 Triginta
568 1504 730 1539 denarios
757 1505 800 1539 de
828 1505 975 1551 quodam
994 1512 1196 1540 tenemento
1215 1506 1341 1541 iacenti
1361 1507 1393 1541 in
1414 1507 1490 1542 vico
1509 1508 1566 1554 qui
1586 1508 1711 1543 (licitur

249 1565 457 1600 Ratounraw
477 1578 521 1600 ex
539 1572 637 1613 parte
656 1565 777 1601 boriali
795 1574 803 1603 l
819 1566 967 1601 faciente
988 1567 1106 1601 butum
1134 1567 1225 1601 illius
1246 1568 1311 1602 vici
1331 1581 1376 1602 ex
1404 1576 1501 1615 parte
1525 1570 1685 1605 orientali
1703 1580 1710 1607 l

246 1626 338 1673 quod
365 1627 502 1674 quidem
530 1633 767 1662 tenementum
796 1627 908 1662 dictus
939 1628 1104 1674 magister
1134 1628 1313 1664 Johannes
1346 1629 1458 1664 tenuit
1489 1630 1531 1664 de
1564 1644 1617 1665 me
1648 1644 1710 1678 pro

245 1687 337 1722 dicta
356 1701 486 1723 summa
499 1688 644 1735 triginta
658 1689 876 1723 denariorum
895 1698 903 1725 l
921 1689 1008 1723 Item
1025 1689 1145 1724 decem
1162 1689 1290 1724 solidos
1309 1690 1413 1724 annui
1435 1691 1590 1726 redditus
1610 1692 1711 1727 michi

246 1747 381 1782 debitos
393 1761 456 1795 per
472 1749 697 1796 Wyllelmum
713 1749 910 1796 Nycholayi
927 1750 1136 1796 burgensem
1155 1750 1197 1784 de
1214 1750 1350 1797 Glasgu
1364 1757 1399 1786 et
1413 1751 1561 1786 heredes
1575 1765 1654 1788 suos
1667 1753 1710 1788 de

246 1808 393 1854 quodam
411 1815 612 1845 tenemento
630 1810 757 1845 iacenti
778 1810 813 1844 in
832 1811 952 1845 eodem
974 1811 1049 1845 vico
1069 1811 1175 1845 eciam
1196 1823 1240 1845 ex
1266 1818 1364 1858 parte
1385 1812 1505 1846 boriali
1524 1812 1615 1848 inter
1633 1827 1710 1861 pre-

245 1867 351 1902 fatum
378 1875 616 1905 tenementum
647 1870 918 1917 suprascriptum
946 1883 990 1905 ex
1017 1876 1114 1917 parte
1143 1870 1301 1905 orientali
1321 1880 1329 1906 l
1347 1878 1382 1906 et
1409 1877 1536 1906 terram
1556 1874 1710 1920 magistri

248 1928 386 1976 Patricij
425 1930 468 1965 de
505 1930 699 1965 Howstoun
728 1931 884 1965 canonici
914 1931 1146 1976 Glasguensis
1174 1944 1218 1965 ex
1244 1939 1342 1978 parte
1374 1932 1578 1968 occidentali
1596 1943 1605 1970 l
1622 1934 1711 1969 Item

246 1990 391 2036 triginta
425 1990 586 2026 denarios
623 1991 727 2025 annui
758 1991 915 2026 redditus
946 1991 1047 2026 michi
1079 1992 1216 2026 debitos
1246 2006 1309 2040 per
1339 1994 1511 2040 quondam
1541 1994 1709 2030 Thomam

250 2050 446 2097 Wyschard
465 2056 500 2086 et
525 2051 674 2086 heredes
693 2064 773 2086 suos
798 2052 841 2087 de
861 2052 1004 2099 quadam
1024 2058 1118 2087 terra
1136 2053 1261 2088 iacenti
1280 2054 1313 2088 in
1334 2054 1410 2089 vico
1432 2055 1556 2090 Sancte
1577 2055 1711 2092 Tenew

247 2123 292 2146 ex
316 2116 415 2157 parte
442 2110 561 2146 boriali
590 2111 682 2147 inter
708 2117 835 2147 terram
863 2113 1017 2148 eiusdem
1047 2114 1172 2149 Sancte
1193 2114 1325 2149 Tenew
1345 2128 1389 2150 ex
1408 2122 1505 2162 parte
1525 2117 1710 2155 orientalis

247 2178 283 2206 et
300 2178 429 2207 terram
455 2173 626 2219 quondam
659 2173 813 2208 Donaldi
845 2174 1024 2209 Raufsoun
1045 2187 1088 2209 ex
1107 2181 1204 2222 parte
1225 2176 1458 2212 occidentali·
1481 2177 1523 2212 In
1542 2178 1640 2213 cuius
1659 2180 1711 2214 rei

247 2232 482 2267 testimonium
496 2233 576 2268 huic
590 2233 719 2281 scripto
737 2247 815 2270 meo
830 2235 979 2281 sigillum
995 2248 1107 2270 meum
1123 2236 1249 2284 apponi
1266 2237 1333 2273 feei
1351 2238 1443 2285 apud
1461 2238 1597 2287 Glasgu
1624 2241 1710 2274 xxix

247 2292 304 2328 die
322 2293 450 2328 mensis
467 2293 551 2341 Julij
572 2307 662 2330 anno
681 2295 825 2330 Domini
843 2296 1024 2331 millesimo
1046 2317 1052 2323 ·
1075 2300 1186 2332 ccccm
1223 2297 1350 2345 ·xxj¹¹²⁰
1372 2319 1378 2325 ·

959 2360 976 2386 Ξ
995 2366 1017 2386 H
