1922 2764
632 337 673 372 Β.
702 337 748 370 V.
778 335 946 370 MARIE
975 335 1042 370 ET
1071 336 1104 371 S.
1136 336 1292 370 ANNE
1619 343 1665 378 37

208 447 252 468 ex
286 434 417 469 boreali
452 440 487 468 et
513 440 623 468 terras
651 434 821 481 quondam
855 434 1051 468 Alexandri
1084 434 1307 468 Thomsoune
1336 440 1371 468 et
1403 447 1494 470 nunc
1529 436 1663 471 Thome

210 494 416 529 Haustoune
435 507 479 529 ex
497 495 637 529 australi
655 504 663 531 l
680 495 768 529 Item
787 500 932 541 quatuor
951 507 1101 541 aggeres
1120 501 1289 529 terrarum
1311 494 1468 540 jacentes
1487 496 1521 529 in
1541 496 1665 543 Longa

209 555 331 591 Crofta
356 556 448 590 inter
466 563 576 590 terras
604 556 762 590 Fratrum
792 556 1053 590 Predicatorum
1073 555 1222 590 ciuitatis
1245 555 1477 602 Glasguensis
1505 569 1549 590 ex
1577 558 1663 592 occi-

206 616 336 651 dentali
355 622 390 651 et
407 622 518 651 terras
533 617 704 663 quondam
723 616 842 651 Dauid
862 616 1037 651 Menteith
1053 629 1096 651 ex
1115 616 1275 650 orientali
1293 616 1449 663 partibus
1465 625 1474 652 l
1491 616 1577 651 Item
1598 618 1664 652 duo

206 689 354 724 aggeres
381 683 474 711 terre
502 677 660 723 jacentes
687 677 722 711 in
754 677 874 712 eadem
902 677 1012 712 crofta
1041 677 1133 712 inter
1160 683 1270 712 terras
1298 677 1469 723 quondam
1496 677 1664 713 Johannis

209 738 312 784 Gayn
333 743 369 772 et
387 750 478 772 nunc
499 737 643 772 Andree
666 737 846 784 Campbell
866 750 909 772 ex
929 737 1134 772 occidentali
1154 743 1189 772 et
1207 743 1318 772 terras
1337 737 1527 784 capellanie
1549 738 1664 773 Sancti

207 797 414 832 Christofori
447 811 491 833 ex
518 798 678 833 orientali
709 799 864 845 partibus
890 807 899 834 l
926 798 1013 833 Item
1041 805 1113 833 tres
1141 811 1220 833 acre
1248 804 1417 833 terrarum
1445 798 1603 845 jacentes
1630 799 1663 833 in

205 858 313 893 crofta
334 859 458 894 Sancte
480 858 584 893 Anne
605 859 695 893 inter
714 864 824 893 terras
850 859 1072 905 prebendarii
1095 859 1206 893 octaui
1234 871 1279 893 ex
1306 859 1513 894 occidentali
1529 868 1538 895 Ι
1554 867 1664 894 terras

205 919 431 954 Thesaurarii
461 919 693 966 Glasguensis
725 925 760 954 et
790 932 969 954 commune
1003 919 1142 954 Morum
1174 920 1396 966 Glasguense
1429 933 1473 954 ex
1505 919 1664 954 orientali

203 980 357 1026 partibus
375 989 383 1016 Ι
400 980 487 1014 Item
503 985 574 1014 tres
594 992 672 1014 acre
689 980 846 1026 jacentes
861 980 895 1014 in
911 980 1020 1015 crofta
1041 980 1167 1015 Sancte
1187 980 1301 1015 Marie
1316 980 1351 1014 in
1370 980 1541 1015 communi
1560 980 1664 1015 Moro

206 1040 420 1087 Glasguensi
447 1041 538 1075 inter
557 1053 737 1075 commune
765 1041 961 1088 passagium
980 1053 1024 1075 ex
1044 1041 1249 1076 occidentali
1269 1047 1305 1076 et
1322 1054 1502 1076 commune
1523 1041 1662 1076 Morum

206 1101 428 1147 Glasguense
449 1114 494 1136 ex
511 1101 643 1136 boreali
662 1101 709 1136 Et
723 1107 833 1136 terras
849 1102 891 1136 de
912 1102 1131 1136 Borrovfeild
1151 1114 1197 1136 ex
1215 1102 1356 1136 australi
1374 1102 1529 1149 partibus
1546 1112 1554 1138 Ι
1571 1103 1660 1137 Item

202 1161 246 1196 de
272 1168 473 1197 tenemento
502 1162 650 1197 Henrici
678 1162 798 1197 Burell
831 1168 866 1196 et
898 1162 1049 1197 Mariote
1078 1162 1202 1197 Andro
1234 1163 1353 1197 vxoris
1384 1176 1445 1197 sue
1476 1163 1662 1198 tresdecim

202 1221 302 1256 solidi
321 1228 356 1257 et
374 1228 520 1269 quatuor
547 1222 680 1256 denarii
709 1223 813 1257 annui
841 1223 998 1257 redditus
1022 1223 1161 1270 jacente
1189 1223 1222 1257 in
1251 1223 1306 1258 via
1328 1236 1394 1270 que
1414 1223 1509 1258 ducit
1527 1237 1546 1258 a
1566 1223 1662 1258 Loco

202 1282 361 1317 Fratrum
382 1283 641 1318 Predicatorum
661 1283 810 1318 ciuitatis
832 1283 1064 1331 Glasguensis
1091 1283 1134 1318 ad
1154 1283 1303 1318 Crucem
1323 1283 1481 1318 Foralem
1507 1284 1662 1319 eiusdem

201 1356 246 1378 ex
277 1351 373 1391 parte
406 1344 611 1379 occidentali
641 1344 830 1378 communis
857 1344 912 1379 vie
939 1352 948 1380 l
973 1344 1064 1378 inter
1093 1349 1294 1378 tenementa
1320 1344 1412 1378 dicte
1439 1343 1591 1379 Mariote
1618 1357 1664 1379 ex

201 1405 341 1439 australi
366 1411 401 1440 et
423 1412 535 1440 terras
553 1405 725 1452 quondam
753 1404 908 1451 magistri
928 1404 1074 1439 Andree
1104 1404 1226 1450 Smyth
1253 1416 1299 1438 ex
1324 1404 1456 1439 boreali
1482 1404 1663 1451 partibus!

201 1465 289 1500 Item
308 1466 375 1500 due
395 1479 474 1501 acre
493 1471 586 1501 terre
606 1465 769 1512 contigue
785 1466 944 1512 jacentes
963 1465 997 1499 in
1018 1465 1207 1512 Kynclaith
1226 1465 1317 1499 inter
1335 1470 1446 1499 terras
1468 1465 1661 1512 Hospitalis

203 1526 319 1561 Sancti
347 1527 507 1562 Nicholai
534 1539 580 1561 ex
606 1526 765 1561 orientali
792 1526 840 1561 Et
865 1532 976 1561 terras
1004 1526 1175 1573 quondam
1195 1525 1393 1560 Alexandri
1422 1525 1590 1560 Hommill
1618 1514 1663 1561 ex

200 1587 405 1622 occidentali
434 1587 589 1634 partibus
616 1596 625 1623 Ι
651 1587 740 1622 Item
765 1587 915 1622 dimedia
939 1599 1018 1621 acra
1045 1587 1165 1633 jacens
1192 1586 1226 1620 in
1253 1585 1406 1620 Dowhill
1435 1585 1527 1620 inter
1551 1592 1662 1621 terras

199 1648 357 1683 Fratrum
378 1648 637 1683 Predicatorum
653 1647 803 1683 ciuitatis
821 1647 1054 1694 Glasguensis
1069 1659 1114 1681 ex
1132 1646 1273 1681 australi
1288 1652 1323 1681 et
1337 1652 1448 1681 terras
1469 1646 1662 1693 Pedagogii

202 1709 433 1755 Glasguensis
452 1721 498 1744 ex
514 1708 646 1744 boreali
672 1708 827 1755 partibus
844 1717 852 1744 s
869 1708 957 1742 Item
977 1720 1044 1742 vna
1062 1707 1138 1753 riga
1156 1713 1250 1741 terre
1273 1707 1393 1753 jacens
1412 1707 1447 1740 in
1466 1706 1660 1741 Brvmelaw

198 1769 289 1804 inter
307 1775 418 1804 terras
439 1769 507 1804 mei
533 1769 727 1804 fundatoris
754 1782 799 1803 ex
826 1768 1032 1803 occidentali
1053 1774 1088 1802 et
1106 1774 1217 1802 terras
1244 1767 1373 1801 domini
1394 1766 1660 1813 Archiepiscopi

201 1830 432 1878 Glasguensis
450 1843 496 1865 ex
513 1819 672 1865 orientali
690 1829 845 1876 partibus
868 1850 873 1856 -
892 1827 1111 1863 Presentatio
1134 1826 1358 1873 suprascripti
1376 1826 1598 1872 prebendarii
1616 1826 1660 1860 ad

197 1891 343 1925 balliuos
362 1896 398 1926 et
415 1891 574 1925 consules
601 1890 750 1925 ciuitatis
772 1889 1030 1935 Glasguensisl
1051 1887 1227 1922 Admissio
1254 1899 1338 1921 vero
1366 1886 1409 1921 ad
1438 1886 1656 1933 Prepositum

198 1957 234 1986 et
251 1951 284 1986 in
305 1951 378 1986 eius
397 1951 554 1986 absentia
571 1951 613 1986 ad
631 1950 868 1998 presidentem
887 1955 923 1984 et
940 1947 1190 1996 prebendarios
1209 1947 1301 1982 dicte
1321 1946 1468 1982 ecclesie
1487 1947 1658 1993 spectabit

198 2017 233 2046 et
250 2011 439 2058 pertinebit
458 2017 524 2046 etc.
