1922 2764
88 580 182 614 xxvi

74 1809 181 1844 xxvii.

667 228 842 264 CARTE
872 226 1263 263 GLASGUENSES.
1624 229 1694 260 253

236 399 508 434 Instrumentum
522 399 624 446 annuj
641 399 798 433 redditus
823 410 846 431 x
869 398 1055 433 solidorum
1070 398 1113 433 de
1129 402 1330 432 tenemento
1350 396 1525 442 Wyllelmi
1544 396 1693 430 Brechin

236 473 280 495 ex
298 467 396 507 parte
416 460 574 495 orientali
595 460 674 494 Vici
694 459 877 494 Fullonum

237 553 307 619 IN
336 584 425 618 DEI
454 584 662 619 NOMINE
691 583 843 618 AMEN
865 604 871 610 ·
896 583 963 618 Per
985 583 1050 618 hoc
1076 583 1342 617 instrumentum
1361 586 1477 628 pateat
1496 581 1586 627 quod
1606 593 1696 615 anno

235 646 277 680 ab
292 645 533 681 incarnacione
549 645 703 680 eiusdem
718 644 899 679 millesimo
914 644 1257 691 quadringentesimo
1271 642 1557 689 quinquagesimo
1576 642 1696 688 quinto

235 707 362 741 mensis
379 707 475 754 Junij
499 707 554 741 die
574 706 708 753 xxvij¹¹¹⁰
730 726 735 732 ·
760 706 799 740 In
820 706 886 740 mei
913 706 1035 752 notarij
1065 705 1193 752 publici
1212 711 1247 739 et
1265 704 1404 738 testium
1425 703 1696 749 subscriptorum

235 768 416 815 presencia
437 788 443 795 ·
468 768 677 815 Wyllelmus
697 767 846 801 Brechin
867 766 949 801 alias
970 766 1089 801 Pottar
1109 765 1283 812 wlgaritei·
1302 770 1519 810 nuncupatus
1538 763 1697 798 vendidit

234 829 425 864 venerabili
444 828 668 864 discrecionis
682 828 757 863 viro
775 827 941 873 magistro
960 827 1078 861 Dauid
1097 827 1140 861 de
1157 826 1312 861 Cadioch
1330 824 1529 872 precentori
1549 824 1697 859 ecclesie

237 890 468 937 Glasguensis
487 891 606 925 decem
627 889 754 924 solidos
781 888 886 923 annui
912 888 1070 922 redditus
1101 888 1144 922 de
1165 900 1233 921 vno
1263 892 1465 922 tenemento
1484 898 1561 920 cum
1591 886 1697 933 perti-

234 951 366 986 nenciis
385 951 549 986 videlicet
567 963 642 986 cum
663 956 739 985 orto
758 956 793 984 et
811 950 920 984 cauda
947 949 1162 984 extendente
1182 954 1281 983 extra
1308 948 1453 982 riuolum
1483 947 1526 982 de
1548 947 1696 982 Mellen-

233 1012 334 1047 dinor
361 1013 500 1060 jacente
531 1025 575 1047 ex
606 1018 704 1059 parte
736 1010 895 1045 orientali
925 1010 1004 1045 Vici
1035 1009 1220 1045 Fullonum
1252 1010 1342 1044 inter
1369 1015 1496 1043 terram
1531 1008 1626 1043 Petri
1652 1008 1695 1043 de

234 1073 357 1108 Pollok
375 1087 417 1109 ex
439 1082 535 1121 parte
555 1073 694 1108 australi
714 1080 749 1107 et
767 1080 894 1107 terram
917 1072 1062 1107 Arthuri
1082 1072 1125 1106 de
1147 1071 1269 1106 Pollok
1296 1084 1339 1105 ex
1359 1077 1456 1118 parte
1485 1070 1606 1104 boriali
1634 1083 1696 1117 pro

233 1136 353 1170 decem
372 1135 494 1170 marcis
508 1135 637 1170 vsualis
656 1141 793 1169 monete
813 1133 913 1180 regni
935 1133 1054 1168 Scocie
1077 1154 1083 1160 ·
1109 1133 1199 1168 Acta
1214 1140 1294 1167 sunt
1312 1132 1377 1167 hec
1395 1132 1429 1166 in
1449 1132 1541 1166 dicta
1555 1132 1695 1167 ciuitate

235 1197 450 1243 Glasguensi
480 1196 702 1244 presentibus
733 1195 851 1229 Dauid
884 1195 991 1241 Hyne
1024 1194 1152 1229 balliuo
1183 1193 1342 1228 discretis
1369 1192 1452 1227 viris
1483 1199 1519 1227 et
1550 1193 1696 1227 dominis

231 1258 392 1294 Johanne
411 1259 454 1293 de
476 1258 640 1293 Restown
684 1257 844 1293 Johanne
865 1255 1048 1290 Michaelis
1068 1255 1204 1301 vicarijs
1219 1255 1262 1289 de
1285 1254 1455 1300 Kylbride
1473 1254 1540 1290 lde
1560 1254 1696 1300 Glasgu

231 1328 267 1354 et
287 1319 429 1366 notarijs
452 1319 591 1353 domino
614 1318 807 1365 Nicholayo
834 1317 877 1351 de
909 1317 990 1351 Hall
1010 1316 1189 1363 capellano
1233 1316 1394 1352 Johanne
1418 1315 1517 1350 Rede
1562 1315 1698 1350 Thoma

233 1380 399 1416 Richardi
445 1380 632 1427 Wyllelmo
654 1379 740 1414 Blak
785 1378 942 1412 Arthuro
969 1378 1012 1412 de
1043 1377 1165 1412 Pollok
1184 1383 1220 1411 et
1250 1376 1405 1411 Henrico
1434 1375 1598 1422 Hugonis
1617 1376 1695 1410 bur-

229 1443 397 1489 gensibus
416 1442 459 1477 de
482 1442 617 1488 Glasgu
637 1454 712 1475 cum
740 1440 855 1474 multis
882 1439 957 1486 alijs
984 1439 1132 1473 testibus
1154 1458 1160 1464 ·
1186 1438 1343 1472 Henrico
1363 1437 1549 1471 Michaelis
1569 1437 1696 1472 clerico

235 1503 467 1550 Glasguensis
486 1502 634 1538 diocesis
653 1502 787 1536 notario
807 1501 945 1549 publico
967 1522 972 1526 -

234 1687 406 1722 Vendicio
425 1687 527 1734 annuj
548 1687 705 1721 redditus
724 1686 769 1733 xij
791 1685 978 1720 solidorum
999 1684 1042 1719 de
1061 1689 1263 1718 tenemento
1285 1683 1430 1718 Andree
1451 1683 1627 1718 Thomson
1652 1704 1658 1710 ·

233 1781 303 1847 IN
331 1811 422 1846 DEI
449 1811 657 1847 NOMINE
687 1811 835 1845 AMEN
862 1831 867 1837 ·
892 1810 959 1844 Per
977 1809 1042 1844 hoc
1069 1809 1335 1843 instrumentum
1359 1814 1475 1854 pateat
1493 1809 1584 1855 quod
1604 1821 1694 1842 anno

233 1874 274 1908 ab
294 1874 534 1908 incarnacione
555 1872 695 1919 Dominj
728 1872 910 1906 millesimo
940 1870 1284 1917 quadringentesimo
1317 1869 1535 1915 sexagesimo
1568 1870 1694 1904 mensis

233 1948 316 1970 vero
339 1934 543 1969 Decembris
558 1934 613 1968 die
632 1933 741 1968 tercio
785 1933 824 1967 In
842 1933 907 1966 mei
923 1931 1045 1977 notarij
1066 1931 1192 1977 publici
1213 1937 1249 1965 et
1266 1930 1404 1965 testium
1422 1930 1693 1977 subscriptorum

231 1996 412 2044 presencia
425 1995 604 2031 Johannes
619 1995 662 2029 de
683 1994 891 2039 Drumfreys
910 1993 1000 2027 filius
1015 1998 1050 2026 et
1064 2004 1234 2039 apparens
1250 1991 1352 2026 heres
1370 1991 1538 2026 Hei-berti
1557 1993 1584 2025 A
1592 1991 1694 2038 tkyn—

232 2070 319 2092 soun
339 2056 497 2091 vendidit
514 2055 707 2091 venerabili
726 2055 801 2089 viro
820 2054 986 2100 magistro
1006 2053 1125 2088 Dauid
1152 2053 1194 2087 de
1216 2052 1387 2099 Cadyhou
1405 2052 1570 2087 canonico
1593 2052 1694 2088 Glas-

230 2118 355 2166 guensi
390 2130 539 2153 annuum
572 2117 743 2152 redditum
784 2116 975 2150 duodecem
1015 2114 1202 2149 solidorum
1234 2113 1277 2148 de
1313 2113 1461 2160 quodam
1492 2120 1694 2149 tenemento

234 2179 378 2214 Andree
399 2178 576 2213 Thomson
600 2179 739 2226 jacente
758 2178 792 2211 in
811 2178 923 2224 burgo
943 2182 978 2211 et
996 2175 1136 2210 ciuitate
1158 2174 1372 2221 Glasguensi
1399 2174 1433 2208 in
1460 2175 1599 2222 publico
1618 2176 1694 2210 vico

231 2254 274 2276 ex
293 2248 390 2288 parte
419 2240 624 2275 occidentali
652 2239 807 2275 eiusdem
833 2239 1002 2273 tendente
1029 2250 1048 2272 a
1076 2236 1190 2272 Cruce
1218 2236 1300 2271 Fori
1319 2249 1428 2284 vsque
1448 2237 1490 2271 ad
1509 2239 1692 2272 australem

230 2302 332 2337 finem
352 2301 432 2336 ville
452 2301 543 2336 inter
561 2307 761 2336 tenementa
778 2299 947 2336 Johannis
968 2299 1116 2334 Stewart
1134 2304 1216 2333 tune
1244 2298 1413 2346 prepositi
1431 2298 1514 2333 dicti
1537 2299 1639 2346 burgi
1659 2306 1693 2334 et
