1922 2764
128 878 180 907 11.

132 2225 183 2255 1‘2.

237 274 303 306 154
656 270 984 307 MUNIMENTA
1012 271 1271 306 FRATRUM

232 386 352 415 nostro
378 402 383 407 ·
413 380 547 415 Thoma
583 380 759 428 Ranulphi
798 381 922 416 comite
958 380 1125 415 Morawie
1151 390 1159 416 l
1186 385 1313 425 nepote
1353 384 1472 413 nostro
1501 400 1507 404 -
1539 378 1692 413 Waltero

233 441 425 477 senescallo
446 442 565 478 Scooie
588 463 594 469 ·
618 442 798 477 Bernardo
817 442 940 476 abbate
967 442 1010 476 de
1033 439 1293 474 Abbir-brothoc
1308 448 1318 475 Ι
1334 438 1526 474 cancelario
1545 445 1663 473 nostro
1686 460 1691 465 ·

233 510 269 537 et
297 503 429 539 Jacobo
460 503 598 538 domino
629 503 672 538 de
704 503 842 549 Duglas
859 512 867 539 l
884 502 990 536 milite
1014 522 1019 527 ·
1045 501 1152 547 Apud
1173 500 1268 535 Aare
1292 521 1297 527 ·
1321 500 1428 546 xxviij
1453 522 1459 526 -
1483 500 1538 535 die
1559 499 1693 547 Aprilis

207 593 218 601 .
233 576 323 599 anno
342 564 443 611 regni
461 564 570 599 nostri
589 564 723 599 decimo
745 585 750 590 ·

234 747 370 782 Littere
391 747 501 794 Regis
523 747 668 782 Roberti
691 767 696 772 -
720 746 907 781 camerario
929 744 1048 780 Scocie
1068 757 1130 791 pro
1150 745 1428 780 Predicatoribus
1447 745 1490 780 (le
1509 746 1644 793 Glasgu
1667 767 1673 772 ·

234 842 433 909 Robertus
453 872 522 907 Dei
540 872 656 918 gracia
676 871 755 906 Rex
776 872 971 906 Scottorum
994 892 999 897 ·
1025 871 1225 905 Camcrario
1244 884 1305 905 suo
1322 871 1442 906 Scocie
1457 871 1513 918 qui
1533 883 1595 917 pro
1610 878 1694 905 tem-

233 949 317 984 pore
331 935 437 970 fuerit
467 934 617 969 Salutem
641 955 646 960 -
672 933 793 968 Sciatis
808 933 899 980 quod
915 932 1132 979 precepimus
1148 945 1210 979 per
1224 932 1357 967 litteras
1373 939 1507 967 nostras
1530 953 1536 958 ·
1558 932 1694 966 balliuis

233 998 276 1032 de
306 997 446 1032 Cadiow
464 996 522 1043 qui
552 1008 615 1042 pro
645 1002 801 1041 tempore
831 993 1096 1040 fuerinthuod
1130 993 1308 1028 Fratribus
1341 993 1620 1027 Predicatoribus
1651 993 1694 1028 (le

236 1058 371 1105 Glasgu
392 1057 541 1104 persolui
568 1056 695 1091 faciant
713 1055 888 1090 annuat-im
917 1056 959 1090 ad
987 1056 1074 1090 duos
1105 1055 1186 1090 anni
1217 1054 1382 1090 terminos
1411 1054 1534 1101 viginti
1564 1066 1695 1088 marcas

232 1119 475 1165 sterlingorum
508 1130 592 1165 quas
623 1117 754 1152 eisdem
785 1123 820 1151 et
852 1129 970 1151 eorum
1003 1117 1261 1152 successoribus
1292 1115 1525 1150 concessimus
1557 1116 1694 1150 nomine

231 1180 321 1214 dotis
348 1179 496 1214 ecclesie
524 1178 714 1214 eorundem
733 1178 976 1225 percipiendas
996 1178 1061 1212 sibi
1081 1177 1180 1212 annis
1209 1177 1353 1223 singulis
1381 1176 1424 1211 dc
1443 1176 1548 1211 firmis
1568 1176 1695 1211 nostris

231 1241 273 1275 de
295 1240 435 1276 Cadiow
453 1240 496 1274 ad
515 1240 600 1274 duos
615 1239 695 1274 anni
714 1239 880 1273 terminos
897 1248 905 1275 l
923 1239 1042 1273 decem
1060 1251 1188 1272 marcas
1206 1238 1367 1272 videlicet
1381 1238 1423 1272 ad
1442 1237 1584 1272 Festum
1607 1237 1694 1272 Pen-

230 1309 381 1337 tecostes
402 1308 437 1336 et
455 1301 537 1336 alias
556 1301 677 1335 decem
696 1313 827 1335 marcas
854 1299 896 1334 ad
924 1299 1065 1334 Festum
1097 1299 1212 1334 Sancti
1232 1298 1376 1333 Martini
1397 1299 1430 1332 in
1451 1298 1574 1344 hyeme
1598 1319 1603 1324 -
1627 1305 1694 1332 ter-

230 1363 322 1397 mino
352 1362 461 1409 prime
489 1361 674 1396 solucionis
701 1360 889 1407 incipiente
917 1360 960 1395 acl
992 1360 1133 1395 Festum
1163 1360 1390 1395 Pentecostes
1412 1381 1418 1386 ·
1441 1359 1521 1394 anni
1548 1359 1665 1406 gracie
1689 1381 1694 1385 -

230 1426 271 1459 mi
293 1446 298 1451 ·
322 1423 388 1460 ccci
411 1445 416 1450 ·
439 1423 677 1471 quintidecimi
704 1445 710 1450 -
739 1423 859 1464 Quare
891 1422 988 1457 vobis
1019 1422 1221 1456 mandamus
1253 1428 1288 1456 et
1318 1421 1528 1468 precipimus
1560 1419 1696 1468 [quat]i—

230 1499 295 1520 nus
312 1495 320 1522 Ι
337 1499 412 1520 cum
432 1485 514 1520 dicti
540 1485 657 1520 balliui
685 1484 792 1519 nostri
821 1484 864 1518 de
890 1483 1030 1519 Cadiow
1052 1483 1148 1517 vobis
1174 1483 1457 1529 presentauerint
1475 1482 1608 1517 litteras
1627 1482 1695 1516 dic-

231 1554 344 1582 torum
365 1547 523 1582 Fratrum
543 1547 586 1581 de
609 1544 837 1593 [re]ceptione
869 1544 961 1579 dicte
989 1544 1137 1591 pecunie
1157 1544 1286 1578 eisdem
1308 1543 1362 1578 vel
1390 1556 1508 1577 eorum
1536 1556 1696 1589 procura-

233 1608 366 1643 toribus
401 1607 512 1642 solute
536 1616 544 1643 l
566 1607 694 1642 eisdem
727 1606 863 1641 balliuis
900 1605 944 1652 [in
982 1604 1110 1650 elorum
1144 1605 1310 1651 compotis
1342 1603 1474 1650 v[obis]
1506 1604 1695 1638 reddendis

232 1681 395 1703 summam
416 1669 513 1703 vobis
532 1681 594 1715 per
613 1668 783 1702 dictorum
811 1666 970 1701 Fratrum
998 1666 1131 1700 litteras
1159 1671 1391 1712 presentatam
1417 1665 1553 1712 plenius
1572 1665 1695 1699 alloce-

231 1731 274 1764 tis
297 1751 302 1756 ·
326 1730 373 1764 Et
391 1729 471 1776 quid
504 1729 537 1763 in
567 1729 632 1764 hoc
659 1727 892 1776 apposueritis
909 1736 917 1763 s
934 1727 1032 1761 vobis
1060 1726 1094 1760 in
1113 1727 1280 1773 compotis
1300 1725 1424 1760 vestris
1443 1725 1606 1759 faciemus
1624 1725 1696 1772 ple-

231 1790 308 1825 nius
327 1790 464 1825 alloeari
488 1811 493 1816 ·
520 1789 556 1823 In
577 1789 673 1824 cuius
691 1789 741 1823 rei
762 1787 996 1823 testimonium
1023 1787 1084 1822 has
1111 1787 1245 1822 litteras
1264 1793 1399 1822 nostras
1418 1792 1578 1834 patentes
1598 1786 1695 1820 vobis

232 1851 396 1886 mittimus
427 1864 493 1898 pro
525 1851 655 1886 eisdem
687 1849 867 1884 Fratribus
898 1855 1069 1895 perpetuo
1101 1848 1311 1883 duraturas·
1336 1848 1466 1882 Datum
1497 1847 1588 1894 apud
1621 1847 1695 1881 Are

233 1913 351 1947 vltimo
370 1912 425 1947 die
445 1911 579 1959 Aprilis
602 1933 607 1938 -
632 1911 739 1946 Anno
758 1910 861 1957 regni
880 1909 988 1944 nostri
1008 1909 1142 1944 decimo
1165 1930 1170 1934 —

236 2094 371 2129 Littere
393 2094 502 2140 Regis
524 2093 669 2129 Roberti
693 2115 697 2120 ·
722 2094 857 2129 balliuis
877 2094 920 2129 de
940 2093 1092 2141 Cadyow
1117 2115 1121 2120 ·

238 2188 437 2254 Robertus
457 2218 527 2252 Dei
546 2219 662 2264 gracia
682 2218 760 2253 Rex
782 2219 978 2253 Scottorum
1002 2240 1006 2244 -
1031 2238 1036 2244 ·
1059 2219 1203 2253 Balliuis
1221 2219 1265 2253 de
1286 2218 1426 2253 Cadiow
1446 2217 1503 2264 qui
1522 2230 1584 2264 pro
1612 2226 1695 2251 tem-

236 2291 321 2326 pore
350 2278 481 2312 fuerint
511 2278 654 2312 salutem
677 2299 682 2304 ·
709 2278 830 2313 Sciatis
861 2279 953 2325 quod
981 2279 1214 2314 concessimus
1245 2279 1362 2313 diuine
1396 2277 1535 2325 pietatis
1570 2278 1695 2312 intuitu

238 2339 417 2374 Fratribus
446 2338 724 2373 Predicatoribus
756 2338 799 2373 de
834 2338 970 2385 Glasgu
996 2340 1218 2385 presentibus
1246 2347 1281 2374 et
1306 2339 1431 2373 futuris
1450 2338 1587 2373 nomine
1606 2338 1696 2372 dotis
