1922 2764
162 986 232 1020 xxi.

282 331 353 362 248
874 326 1153 361 APPENDIX.

283 436 421 471 domino
442 436 618 471 Willelmo
647 436 739 471 Rase
791 436 930 470 domino
949 435 1085 470 Thoma
1117 435 1282 470 Raburne
1335 434 1511 469 Willelmo
1545 433 1739 480 Hugosoun

282 504 364 531 tunc
382 496 509 531 balliuo
553 496 689 531 Thoma
703 496 866 531 Leisman
912 496 1057 530 Andrea
1076 496 1189 530 Brade
1232 495 1387 530 Waltero
1405 495 1516 530 Wane
1532 507 1607 529 cum
1627 495 1741 530 multis

282 557 356 592 aliis
386 557 618 604 burgensibus
648 557 773 604 prefati
804 557 905 603 burgi
937 557 980 591 de
1011 556 1154 603 Glasgw
1185 556 1332 591 testibus
1355 577 1360 583 -
1382 556 1542 592 Johanne
1575 556 1617 590 de
1651 555 1740 590 Park

282 617 477 664 presbitero
499 617 730 664 Glasguensis
749 617 896 652 diocesis
915 617 1049 652 notario
1067 617 1205 664 publico

283 801 554 834 lnstrumentum
594 811 615 832 x
656 798 843 833 solidorum
878 799 981 845 annuj
1010 798 1166 833 redditus
1193 799 1325 833 venditi
1353 798 1488 833 vicariis
1515 798 1610 833 chori
1641 798 1741 833 Glas-

281 860 423 908 guensis
442 873 504 907 per
524 859 735 894 WVillelmum
757 859 919 905 Brechyn

284 954 334 1021 ΙΝ
364 986 439 1020 Dm
468 997 613 1020 NoM1NE
652 985 767 1019 Amen
791 1005 797 1011 ·
822 984 889 1019 Per
920 984 984 1018 hoc
1015 984 1281 1018 instrumentum
1312 989 1428 1030 pateat
1458 983 1549 1029 quod
1580 995 1670 1017 anno
1701 983 1742 1017 ab

283 1046 523 1081 incarnacione
556 1045 709 1080 eiusdem
741 1044 921 1079 millesimo
955 1049 1070 1079 ccccmo
1106 1044 1215 1090 xxxiij
1245 1065 1251 1071 -
1281 1043 1409 1078 mensis
1444 1043 1652 1078 Decembris
1687 1043 1742 1078 die

284 1108 509 1142 decimanona
530 1127 536 1134 ·
559 1107 599 1141 In
620 1107 686 1141 mei
705 1113 741 1141 et
761 1105 884 1152 notarij
904 1105 1033 1153 publici
1052 1111 1087 1140 et
1106 1105 1245 1140 testium
1264 1104 1534 1152 subscriptorum
1561 1104 1744 1152 presencia

283 1168 513 1216 personaliter
532 1167 739 1202 constitutus
761 1188 767 1193 ·
794 1166 988 1201 Willelmus
1012 1166 1054 1200 de
1085 1165 1248 1212 Brechyn
1278 1165 1361 1200 alias
1391 1165 1531 1200 Pottare
1559 1165 1743 1211 burgensis

284 1230 327 1264 de
349 1228 483 1275 Glasgu
503 1228 660 1263 vendidit
679 1227 816 1274 vicarijs
845 1226 1119 1261 ministrantibus
1146 1226 1179 1260 in
1207 1226 1312 1261 choro
1334 1225 1548 1272 Glasguensi
1567 1225 1742 1260 celebran-

286 1291 375 1324 tibus
395 1296 430 1324 et
449 1289 675 1324 celebraturis
695 1288 812 1322 diuina
838 1288 880 1322 ad
907 1287 1015 1322 altare
1044 1287 1143 1322 Beati
1167 1287 1337 1323 ,Iohannis
1357 1286 1514 1334 Baptiste
1532 1286 1566 1320 in
1587 1286 1744 1321 Ecclesia

289 1350 501 1397 Glasguensi
538 1350 570 1384 in
607 1349 797 1396 capellania
832 1349 996 1384 videlicet
1030 1348 1201 1395 quondam
1235 1348 1326 1382 bone
1357 1347 1521 1382 memorie
1550 1367 1557 1373 ·
1589 1347 1744 1393 magistri

285 1412 454 1449 Joliannis
472 1412 618 1446 Stewart
633 1410 818 1456 subdecanj
835 1409 988 1444 eiusdem
1012 1430 1018 1435 ·
1042 1409 1162 1443 decem
1177 1408 1305 1443 solidos
1319 1408 1422 1454 annuj
1438 1407 1595 1442 redditus
1609 1407 1745 1441 debitos

287 1474 328 1507 (le
357 1473 490 1507 (luobus
518 1471 727 1506 tenementis
747 1470 893 1505 Andree
914 1470 1078 1505 VVebstar
1105 1476 1140 1504 et
1165 1469 1335 1505 Johannis
1355 1470 1526 1504 Cameron
1554 1468 1745 1503 iacentibus

286 1535 319 1568 in
336 1534 475 1568 ciuitate
492 1539 527 1567 et
540 1533 652 1579 burgo
670 1530 883 1578 Glasguensi
898 1543 942 1565 ex
961 1536 1059 1578 parte
1074 1530 1214 1565 australi
1230 1530 1310 1565 Vici
1327 1530 1453 1565 Sancte
1469 1529 1600 1564 Tanew
1622 1550 1628 1555 ·
1651 1529 1745 1564 vide-

287 1596 368 1630 licet
390 1616 396 1621 ·
419 1594 462 1629 de
481 1594 614 1628 duabus
631 1593 737 1640 rodys
766 1593 839 1627 siue
866 1591 1042 1639 particatis
1061 1598 1153 1626 terre
1174 1591 1207 1625 in
1227 1590 1390 1625 anteriori
1409 1590 1522 1625 fronte
1546 1611 1551 1616 -
1575 1602 1649 1624 cum
1670 1596 1745 1624 orto

288 1664 323 1691 et
341 1656 449 1691 cauda
467 1654 692 1689 tendentibus
711 1666 819 1700 Vsque
844 1653 887 1687 ad
913 1652 1060 1687 Fontem
1090 1652 1206 1686 Sancti
1235 1651 1376 1698 Ninianj
1405 1650 1596 1696 uulgariter
1616 1662 1745 1684 nuncu-

288 1723 404 1764 patum
423 1716 514 1750 inter
532 1720 769 1750 tenementum
791 1713 937 1748 Roberti
966 1713 1139 1760 Raynaldi
1159 1725 1203 1747 ex
1235 1718 1332 1760 parte
1364 1711 1522 1747 orientali
1553 1717 1589 1746 et
1619 1717 1744 1746 terram

288 1777 457 1814 Johannis
476 1777 519 1811 de
540 1776 618 1811 Rob
637 1789 681 1811 ex
700 1782 797 1823 parte
817 1774 1022 1809 occidentali
1045 1795 1050 1801 ·
1074 1786 1136 1820 pro
1164 1772 1265 1820 xijcim-
1288 1773 1411 1807 marcis
1434 1793 1439 1798 ·
1462 1772 1590 1807 vsualis
1607 1778 1745 1806 monete

292 1839 411 1874 Scocie
433 1859 440 1866 ·
463 1838 555 1872 dicto
575 1837 751 1872 Willelmo
777 1849 839 1883 per
858 1835 968 1870 dictos
995 1835 1142 1870 vicarios
1168 1833 1354 1882 persolutis
1376 1854 1382 1860 ·
1407 1833 1498 1868 Acta
1523 1833 1664 1867 fuerunt
1682 1832 1746 1866 hec

289 1901 323 1934 in
343 1900 435 1934 dicto
464 1899 575 1945 burgo
594 1899 636 1933 de
659 1898 795 1945 Glasgu
822 1897 912 1944 apud
939 1896 1067 1931 dietum
1099 1901 1338 1930 tenementum
1369 1893 1589 1941 presentibus
1619 1892 1746 1927 ibidem

290 1961 428 1995 domino
462 1960 615 2006 Hugone
648 1959 737 1994 Wan
769 1958 964 2006 presbitero
1019 1956 1165 1991 Andrea
1197 1955 1322 1990 Brown
1378 1954 1524 1988 Andrea
1555 1952 1745 1987 Webstar»

292 2021 448 2056 Roberto
487 2020 633 2055 Ranaldi
665 2026 701 2055 et
732 2019 868 2054 Thoma
896 2019 1015 2064 Jowsy
1047 2030 1123 2052 cum
1154 2016 1268 2051 multis
1298 2015 1373 2051 aliis
1405 2014 1635 2062 burgensibus
1665 2013 1747 2048 dicti

289 2082 391 2128 burgi
406 2081 553 2116 testibus
576 2103 581 2108 ·
603 2081 625 2117 J
629 2081 764 2116 ohanne
779 2081 822 2116 de
839 2079 977 2126 Hawyk
994 2078 1189 2126 presbitero
1207 2076 1438 2124 Glasguensis
1453 2075 1600 2110 diocesis
1613 2074 1747 2109 notario

290 2142 427 2189 publico
450 2163 454 2167 Δ
