1922 2764
520 711 696 750 LIBER
725 711 1002 751 ECOLESIE
1035 712 1405 754 COLLEGIATE

336 854 382 892 B.
413 855 465 893 V.
502 855 707 894 MARIE
742 856 825 895 ET
863 856 900 895 S.
937 857 1115 896 ANNE
1151 858 1397 899 MATRIS
1432 861 1591 900 EIUS.

230 1001 527 1067 VNIUERSIS
555 1039 590 1067 et
615 1033 760 1080 singulis
788 1041 906 1069 sancte
934 1036 1051 1069 matris
1077 1036 1224 1071 ecclesie
1247 1037 1324 1072 filiis
1351 1046 1534 1085 presentes
1561 1040 1693 1075 litteras

232 1090 305 1125 siue
324 1091 388 1126 hoc
408 1105 552 1139 presens
575 1094 748 1140 publicum
771 1094 1036 1130 instrumentum
1061 1103 1331 1145 transsumptum
1354 1100 1427 1134 siue
1447 1101 1691 1148 transcriptum

231 1165 271 1186 ac
289 1159 484 1199 regestrum
504 1154 631 1189 visuris
649 1155 857 1202 inspecturis
885 1156 1026 1191 lecturis
1053 1158 1182 1204 pariter
1201 1165 1237 1193 et
1255 1159 1422 1195 audituris
1476 1161 1692 1196 WILLEL—

231 1213 338 1249 MUS
365 1214 601 1250 Hammiltone
626 1216 888 1251 archidiaconus
915 1218 1047 1265 capelle
1076 1218 1190 1266 Regie
1221 1220 1498 1268 Striuilingensis
1524 1235 1563 1257 ac
1590 1223 1693 1257 offici-

230 1274 292 1309 alis
315 1275 546 1322 Glasguensis
572 1277 749 1324 generalis
777 1277 920 1312 salutem
941 1279 974 1312 in
996 1279 1149 1314 Domino
1168 1286 1203 1315 et
1221 1282 1444 1327 presentibus
1463 1283 1566 1318 fidem
1592 1283 1690 1317 indu-

230 1336 319 1371 biam
352 1337 517 1373 adhibere
545 1338 697 1373 Nouerit
722 1339 931 1374 vniuersitas
958 1347 1075 1375 vestra
1100 1342 1193 1387 quod
1226 1354 1288 1377 nos
1317 1343 1513 1378 Willelmus
1540 1344 1692 1378 officialis

230 1398 425 1433 antedictus
444 1398 487 1433 ad
505 1398 701 1434 instantiam
721 1407 757 1434 et
774 1400 1037 1447 requisitionem
1056 1402 1268 1436 venerabilis
1285 1409 1320 1437 et
1335 1404 1471 1450 egregii
1485 1404 1550 1438 viri
1569 1405 1692 1451 magis-

230 1461 274 1494 tri
292 1460 414 1496 Jacobi
434 1460 619 1496 Houstone
639 1462 827 1496 subdecani
846 1462 994 1497 ecclesie
1021 1464 1287 1510 metropolitane
1310 1464 1542 1512 Glasguensis
1560 1478 1599 1500 ac
1616 1466 1691 1500 fun-

230 1521 359 1555 datoris
388 1521 547 1557 Ecclesie
577 1521 772 1569 Collegiate
802 1522 1007 1558 Beatissime
1032 1523 1147 1558 Marie
1176 1524 1335 1571 Virginis
1363 1532 1399 1560 et
1431 1526 1556 1561 Sancte
1585 1526 1690 1561 Anne

231 1582 348 1617 matris
377 1583 533 1618 eiusdem
564 1583 653 1618 infra
683 1584 859 1619 ciuitatem
889 1584 1147 1631 Glasguensem
1179 1585 1211 1619 in
1240 1586 1284 1621 lie
1313 1586 1511 1634 Troyngait
1538 1588 1690 1623 eiusdem

232 1644 359 1678 situate
380 1644 513 1679 Omnes
537 1650 573 1679 et
597 1644 752 1692 singulos
781 1658 842 1679 sua
860 1646 1087 1680 communiter
1106 1646 1162 1680 vel
1185 1646 1320 1681 diuisim
1340 1648 1381 1682 ad
1406 1647 1624 1695 infrascripta
1641 1649 1690 1683 in-

229 1710 362 1739 teresse
380 1704 550 1740 habentes
575 1718 636 1740 seu
659 1705 788 1741 habere
813 1712 976 1753 putantes
1001 1707 1043 1741 ad
1070 1706 1258 1742 videndum
1284 1716 1319 1742 et
1342 1709 1551 1743 audiendum
1570 1710 1689 1744 funda-

230 1764 357 1800 tionem
378 1766 589 1801 erectionem
609 1772 644 1801 et
663 1767 875 1801 dotationem
894 1767 985 1802 dicte
1009 1767 1167 1802 Ecclesie
1189 1767 1384 1814 Collegiatc
1405 1769 1590 1803 Beatarum
1610 1769 1689 1803 Vir-

229 1826 320 1872 ginis
339 1826 452 1862 Marie
472 1833 507 1862 et
528 1827 633 1862 Anne
660 1828 778 1862 matris
806 1828 879 1862 eius
907 1840 1020 1862 coram
1048 1828 1146 1862 nobis
1170 1828 1380 1873 judicialiter
1405 1829 1562 1864 exhiberi
1586 1836 1688 1876 atque

231 1887 375 1932 produci
402 1887 449 1922 Et
475 1894 658 1935 postquam
685 1888 853 1935 producte
880 1888 1010 1922 suerint
1035 1901 1097 1934 per
1125 1888 1295 1922 notarium
1319 1889 1481 1923 idoneum
1506 1892 1689 1925 transsumi

229 1948 413 1983 transcribi
437 1949 569 1995 copiari
596 1949 785 1996 exemplari
815 1954 850 1983 et
874 1948 907 1982 in
927 1949 1073 1995 quodam
1103 1956 1261 1995 regesti-o
1285 1949 1366 1995 poni
1395 1962 1433 1984 ac
1458 1950 1491 1984 in
1519 1951 1688 1997 publicam

230 2010 453 2057 transsumpti
471 2022 533 2044 seu
551 2010 749 2056 transcripti
768 2010 909 2043 formam
929 2009 1041 2056 redigi
1060 2009 1213 2043 mandari
1265 2009 1312 2044 Et
1329 2009 1394 2045 hoc
1411 2018 1553 2058 propter
1572 2012 1688 2047 incen-

230 2070 322 2104 dium
337 2071 468 2105 viarum
483 2070 681 2105 discrimina
694 2076 903 2104 vetustatem
922 2069 1139 2104 amissionem
1158 2082 1219 2104 seu
1238 2070 1469 2116 perditionem
1484 2072 1638 2107 eiusdem
1654 2080 1689 2108 et

226 2130 295 2176 jam
310 2131 376 2165 alia
388 2131 543 2178 pericula
595 2130 801 2177 Cuiquidem
821 2136 1055 2176 transsumpto
1071 2129 1145 2164 siue
1164 2131 1372 2176 transcripto
1390 2144 1453 2166 seu
1471 2139 1631 2179 regestro
1645 2135 1686 2169 ad

228 2191 378 2226 futuram
396 2192 447 2226 rei
466 2192 663 2226 memoriam
682 2197 777 2226 tanta
795 2196 830 2225 et
848 2190 926 2225 talis
944 2190 1031 2225 fides
1049 2190 1082 2224 in
1107 2191 1237 2237 judicio
1256 2192 1385 2238 poterit
1403 2193 1561 2229 exhiberi
1588 2195 1686 2229 sicuti

230 2252 410 2299 principali
427 2252 621 2287 fundationi
643 2251 811 2287 erectioni
830 2257 866 2286 et
884 2251 1052 2286 dotationi
1075 2252 1103 2286 si
1122 2252 1196 2299 ipsa
1214 2253 1248 2286 in
1268 2254 1418 2288 medium
1436 2255 1687 2302 produceretur

232 2313 267 2347 V
270 2313 302 2348 el
317 2313 359 2348 ad
374 2313 593 2360 allegandum
609 2319 645 2348 et
659 2312 903 2359 assignandum
915 2325 1035 2347 causas
1050 2325 1110 2347 seu
1123 2325 1258 2348 causam
1273 2314 1495 2350 rationabiles
1510 2328 1572 2350 seu
1586 2316 1686 2351 ratio-
