1922 2764
596 253 812 289 ORDINIS
841 252 1275 289 PREDICATORUM.
1604 260 1669 295 193

207 367 314 400 Priori
336 366 494 400 Fratrum
529 364 787 400 predicatorum
807 364 850 398 de
872 363 1013 411 Glasgw
1037 385 1042 390 ·
1066 364 1205 410 suisque
1238 365 1495 400 successoribus
1528 366 1602 401 1000
1635 375 1669 401 01

203 427 389 473 conuentuj
410 426 603 461 huiusmodi
624 426 782 460 Fratrum
809 425 1069 460 predicatorum
1091 446 1097 451 ·
1121 438 1218 459 suum
1239 432 1475 460 tenementum
1497 440 1573 461 cum
1593 441 1669 474 per-

202 488 364 534 tinencijs
390 488 510 534 jacens
539 500 583 522 ex
610 494 708 534 parte
737 487 896 521 orientali
928 486 1047 533 Magnj
1084 486 1158 521 Vici
1188 487 1414 521 extendentis
1441 488 1482 522 ab
1516 488 1670 523 Ecclesia

203 548 404 584 Cathedrali
428 548 641 594 Glasguensi
660 561 768 594 vsque
790 548 937 583 Crucem
961 548 1116 582 For-alem
1138 548 1291 582 eiusdem
1321 548 1411 583 inter
1431 555 1668 584 tenementum

202 616 284 644 tunc
298 609 524 643 inhabitatum
544 621 606 655 per
628 609 813 643 Patricium
832 609 1028 656 Greynlefe
1043 622 1087 644 ex
1103 615 1199 656 parte
1216 609 1421 644 occidentali
1438 617 1473 644 et
1492 616 1669 645 tenemen-

203 677 273 705 tum
291 670 421 706 Jonete
440 669 577 705 Gilmor
592 682 636 704 ex
656 677 753 717 parte.
774 670 931 705 orientali
949 679 958 707 Ι
976 670 1182 705 Tenendum
1205 678 1239 705 et
1257 671 1453 706 habendum
1474 672 1537 718 ipsi
1559 671 1670 706 Priori

203 731 342 778 suisque
362 731 621 765 successoribus
641 738 675 765 et
695 731 786 766 dicto
820 732 895 766 loeo
915 732 988 766 siue
1008 732 1194 779 conuentuj
1226 733 1258 766 in
1288 733 1391 767 feodo
1411 739 1446 767 ct
1477 733 1670 768 hereditate

203 793 455 840 imperpetuum
473 801 482 829 Ι
502 792 697 827 Reddendo
716 793 796 828 inde
817 794 989 828 annuatim
1007 807 1138 828 annuos
1158 794 1313 828 redditus
1329 800 1364 829 et
1379 795 1491 829 firmas
1507 795 1670 841 burgales

205 853 324 888 solitos
344 860 379 888 et
397 860 582 888 consuetos
605 874 610 879 ·
636 853 847 901 Quiquidem
877 855 1034 889 dominus
1057 855 1154 889 Prior
1206 868 1267 902 pro
1288 869 1323 889 se
1352 862 1387 890 et
1413 857 1671 891 suecessoribus

206 915 276 949 suis
299 936 304 941 -
327 928 390 963 pro
408 915 603 949 huiusmodi
623 921 824 950 tenemento
844 916 906 950 sibi
927 922 961 950 et
980 916 1237 951 successoribus
1257 916 1326 951 suis
1345 917 1425 951 dato
1453 923 1488 952 et
1507 930 1672 952 concesso

203 976 236 1010 in
256 989 375 1023 puram
395 982 430 1011 et
448 983 651 1024 perpetuam
672 976 885 1011 elimosinam
908 998 914 1003 -
938 977 1111 1023 obligatur
1130 978 1222 1012 omni
1241 991 1331 1012 anno
1350 978 1529 1025 perpetuis
1547 979 1672 1013 futuris

204 1038 418 1085 temporibus
437 1037 606 1072 celebrari
641 1038 756 1072 facere
788 1051 851 1085 pro
883 1039 956 1086 ipso
988 1039 1126 1073 domino
1156 1039 1317 1075 ,1011011110
1349 1052 1452 1074 vnum
1484 1040 1671 1086 trigentale

204 1099 382 1134 missarum
402 1112 441 1134 ac
461 1099 525 1134 sibi
545 1099 722 1146 assignare
742 1099 889 1134 durante
909 1113 969 1134 sua
990 1101 1058 1134 vita
1079 1113 1179 1135 vnum
1200 1113 1350 1135 annuum
1382 1101 1555 1135 redditum
1575 1101 1671 1148 quin-

203 1174 270 1207 que
302 1161 488 1195 solidorum
529 1161 574 1195 Et
603 1160 693 1195 omni
734 1173 824 1195 anno
864 1168 1044 1208 postquam
1076 1162 1150 1209 ipse
1183 1162 1341 1196 dominus
1372 1162 1551 1198 ι1011001105
1584 1163 1671 1197 viam

204 1222 366 1257 vniuerse
386 1222 499 1257 earnis
517 1222 623 1257 fuerit
642 1222 822 1269 ingressus
844 1244 850 1249 ·
874 1223 946 1270 ipse
970 1223 1067 1257 Prior
1082 1230 1118 1258 et
1136 1223 1186 1270 suj
1204 1236 1423 1258 successores
1441 1224 1570 1258 facient
1585 1237 1671 1259 cani-

202 1296 325 1331 panam
347 1284 463 1319 Sancti
484 1284 694 1331 Kentigernj
715 1297 777 1331 pre
799 1284 881 1319 villa
902 1284 1116 1331 Glasguensi
1144 1285 1271 1332 pulsarj
1302 1291 1338 1320 et
1356 1285 1583 1320 celebrabunt
1609 1299 1671 1333 pro

203 1345 315 1380 anima
334 1354 418 1382 5031
439 1345 585 1380 Plaeebo
605 1352 640 1380 et
668 1345 793 1392 Dirige
811 1354 819 1382 l
837 1359 912 1380 cum
940 1346 1115 1393 obsequiis
1143 1353 1354 1381 mortuorum
1378 1368 1383 1373 -
1408 1353 1442 1381 et
1469 1347 1500 1381 ii:
1522 1347 1672 1382 erastino

204 1407 350 1454 quilibet
363 1407 643 1442 conuentualium
660 1407 847 1454 dispositus
862 1408 1053 1442 celebrabit
1073 1408 1209 1442 missam
1229 1421 1291 1455 pro
1306 1408 1417 1442 anima
1437 1421 1497 1442 sua
1519 1430 1524 1435 ·
1550 1408 1673 1444 Cuius>

203 1468 341 1515 quidem
361 1469 550 1516 tenementj
572 1482 648 1503 011111
667 1469 894 1516 pertineneijs
914 1469 988 1516 ipse
1008 1469 1166 1503 dominus
1185 1469 1363 1505 johannes
1383 1476 1507 1504 statum
1537 1470 1672 1504 heredi«

204 1530 327 1565 tarium
347 1536 383 1565 et
401 1529 558 1564 saisinam
579 1543 642 1577 per
661 1543 738 1565 01101
759 1530 853 1577 prius
876 1530 1011 1565 habitos
1030 1543 1050 1565 a
1068 1543 1104 1565 se
1132 1530 1319 1565 heredibus
1339 1531 1408 1565 suis
1429 1538 1463 1565 et
1489 1531 1673 1578 assignatis

204 1590 238 1624 111
258 1603 360 1626 manu
378 1591 589 1626 honorabilis
609 1592 673 1626 viri
693 1592 840 1639 Georgij
862 1592 1023 1638 Hugonis
1040 1592 1209 1639 vuiusque
1225 1592 1430 1626 balliuorum
1450 1593 1552 1639 burgi
1572 1593 1672 1627 (ilas-

205 1653 347 1699 guensis
366 1665 429 1700 per
447 1660 541 1688 terre
561 1659 597 1688 et
615 1653 738 1700 lapidis
758 1653 983 1688 tradicionem
999 1666 1134 1688 sursum
1154 1653 1296 1687 tradidit
1312 1660 1346 1688 et
1365 1653 1557 1700 resignauit
1594 1654 1672 1694 Qua

206 1714 312 1760 igitur
332 1715 572 1761 resignacione
593 1715 681 1750 sacta
700 1715 773 1762 ipse
793 1715 940 1750 balliuus
960 1715 1067 1762 ipsius
1086 1715 1276 1761 tenementj
1308 1728 1382 1750 cum
1412 1715 1482 1749 suis
1501 1715 1673 1749 vniuersis

206 1775 431 1820 pertinenciis
451 1782 575 1810 statum
594 1776 845 1811 hereditarium
866 1783 901 1811 et
932 1776 1092 1810 saisinam
1123 1775 1187 1810 sibi
1219 1776 1357 1810 domino
1391 1776 1500 1822 Prion-j
1534 1777 1672 1823 suisque

208 1836 465 1870 successoribus
485 1836 663 1871 Prioribus
682 1844 717 1871 et
735 1837 798 1884 ipsi
827 1837 902 1871 loco
922 1844 958 1871 et
975 1837 1161 1882 eonuentuj
1191 1850 1254 1883 pro
1280 1844 1451 1883 perpetuo
1479 1837 1621 1872 tradidit
1639 1845 1673 1872 et

207 1897 398 1944 assignauit
416 1911 477 1944 per
496 1905 589 1933 terre
605 1905 641 1933 et
658 1898 781 1945 lapidis
796 1899 1021 1933 tradicionem
1070 1899 1215 1945 Insuper
1230 1899 1332 1945 paulo
1347 1899 1527 1946 postmodo
1542 1899 1672 1934 eisdem

208 1958 264 1992 die
292 1964 328 1993 et
358 1959 579 2006 presentibus
610 1960 684 2006 ipse
713 1960 871 1994 dominus
904 1959 1003 1993 Prior
1023 1960 1064 1994 ad
1084 1972 1187 1994 vnum
1216 1966 1452 1994 tenementum
1481 1961 1602 2007 jacens
1629 1974 1672 1996 ex

208 2025 306 2066 parte
326 2019 531 2054 occidentali
553 2019 674 2066 Magnj
697 2020 777 2054 Vici
796 2020 887 2055 inter
903 2026 1140 2055 tenementum
1162 2020 1307 2055 Roberti
1330 2021 1492 2068 Hugonis
1512 2034 1555 2056 ex
1576 2029 1673 2068 parte

209 2093 276 2114 vna
307 2086 342 2115 et
371 2080 493 2116 Jacobi
523 2080 771 2128 Molendinarij
805 2094 847 2116 ex
881 2089 978 2128 parte
998 2081 1180 2118 alialcum
1206 2082 1288 2128 ipsis
1320 2082 1446 2117 balliuo
1474 2089 1509 2118 et
1535 2083 1674 2118 domino

208 2141 369 2177 Johanne
386 2141 557 2176 accedens
571 2144 580 2171 l
594 2142 785 2188 assignauit
800 2142 863 2177 sibi
879 2143 1017 2177 domino
1029 2142 1179 2179 Jolianni
1195 2156 1258 2190 pro
1273 2149 1346 2177 toto
1361 2136 1516 2191 tempore
1531 2158 1590 2179 sue
1604 2145 1674 2180 vite

209 2202 361 2249 quinque
380 2202 508 2237 solidos
526 2203 630 2250 annuj
651 2203 808 2238 redditus
827 2209 863 2238 et
880 2203 1049 2250 assignari
1068 2204 1150 2238 fecit
1168 2217 1230 2251 per
1248 2204 1359 2251 ipsum
1380 2205 1541 2239 balliuum
1563 2219 1623 2253 per
1643 2207 1674 2241 le

208 2263 295 2310 hesp
311 2270 347 2298 et
366 2264 479 2311 stapill
502 2284 507 2291 ·
531 2264 580 2299 sic
595 2264 686 2311 quod
705 2272 784 2312 post
799 2264 928 2299 obitum
944 2264 1051 2312 ipsius
1066 2265 1192 2299 domini
1212 2265 1382 2301 ι101130015
1400 2266 1461 2300 fiet
1479 2266 1543 2301 sibi
1564 2267 1673 2314 Priorj

209 2331 245 2359 et
263 2325 334 2359 suis
363 2325 621 2361 suecessoribus
647 2326 690 2360 ad
718 2326 913 2361 huiusmodi
941 2338 1092 2360 annuum
1123 2326 1294 2361 redditum
1327 2339 1510 2373 regressus
1564 2328 1675 2375 Super

918 2390 972 2416 *213
