1922 2764
628 205 843 241 ORDINIS
873 204 1308 243 PREDICATORUM.
1470 250 1473 254 ,
1628 213 1697 249 217

234 316 520 352 consuetudinem
539 316 670 351 habere
689 316 906 351 contendunt
948 315 995 351 Et
1013 328 1118 363 super
1136 317 1317 364 premissis
1344 330 1383 352 ac
1415 318 1590 366 plerisque
1621 319 1696 353 aliis

235 378 347 413 varias
365 378 465 413 dictis
482 377 663 412 Fratribus
681 377 857 412 molestias
884 376 1038 412 inferunt
1056 383 1092 412 et
1118 377 1273 424 jacturas
1294 378 1419 425 quibus
1451 391 1569 413 eorum
1600 379 1698 426 quies

234 439 393 474 turbatur
410 438 549 474 diuinus
567 437 680 473 cultus
699 437 865 472 minuitur
885 443 920 472 et
950 437 1042 473 inter
1074 437 1270 485 Xpifideles
1296 438 1458 473 scandala
1483 439 1607 486 passim
1635 439 1700 473 ori-

235 505 339 534 untur
366 512 435 534 non
463 499 538 534 sine
569 498 687 533 diuine
718 498 907 534 maiestatis
937 499 1070 534 offensa
1100 505 1136 534 et
1166 499 1354 546 apostolice
1384 499 1602 535 authoritatis
1620 513 1699 535 con-

234 566 368 607 temptu
412 560 660 602 QUAMOBREM
678 572 742 594 nos
768 560 825 607 qui
845 560 1014 595 dictorum
1041 561 1200 596 Fratrum
1229 561 1383 608 quietem
1413 567 1448 596 et
1478 562 1699 609 tranquillum

235 627 361 656 statum
374 621 546 656 interesse
561 620 799 656 desideramus
818 621 999 657 affectibus
1020 642 1027 650 ·
1051 629 1088 657 vt
1105 622 1175 657 suis
1191 622 1419 658 laudabilibus
1437 622 1600 670 operibus
1620 623 1700 658 Deo

234 682 448 729 acceptiores
466 682 552 717 fiant
569 688 605 717 et
622 687 794 729 quatenus
820 695 883 730 pro
901 682 1138 718 delictantium
1158 683 1405 719 emendacione
1424 696 1463 718 ac
1482 683 1592 718 salute
1610 684 1700 730 apud

235 744 352 779 Deum
371 743 533 778 insistere
552 743 688 790 possint
709 764 715 770 ·
738 743 908 778 dictorum
931 743 1119 779 Generalis
1140 744 1302 791 Magistrj
1323 751 1358 779 et
1378 744 1537 779 Priorum
1557 744 1700 779 Prouin-

235 804 371 840 cialium
389 804 551 839 Fratrum
570 804 831 839 Predicatorum
851 804 1086 852 predictorum
1103 805 1290 840 humilibus
1304 818 1409 853 super
1424 805 1489 841 hoc
1506 805 1606 840 nobis
1624 818 1699 852 por-

235 866 339 901 rectis
358 865 667 914 supplicationibus
693 865 847 913 inclinatj
895 865 1007 901 Vobis
1027 873 1062 901 et
1080 866 1223 901 cuilibet
1241 873 1393 902 vestrum
1425 879 1488 915 per
1518 872 1701 914 presentes

235 926 392 962 districte
410 926 636 974 precipiendo
655 927 854 962 mandamus
877 948 883 954 -
906 927 970 962 sub
989 927 1090 962 dictis
1109 928 1266 963 censuris
1288 949 1294 955 ·
1317 934 1354 963 vt
1373 934 1408 963 et
1425 941 1487 963 vos
1516 929 1558 962 ab
1583 941 1702 963 eorum

235 989 394 1024 molestia
408 995 443 1024 et
457 989 547 1036 omnj
568 989 808 1037 inquietudine
827 988 966 1036 penitus
985 989 1189 1024 abstineatis
1211 1010 1217 1016 ·
1241 995 1277 1025 et
1298 1010 1304 1016 ·
1327 989 1464 1037 quoties
1479 990 1616 1024 nomine
1633 990 1702 1024 dic-

235 1056 349 1084 torum
374 1049 535 1084 Fratrum
554 1050 609 1085 vel
629 1049 772 1085 alicuius
791 1062 837 1085 ex
855 1062 974 1085 eorum
1002 1050 1134 1085 ordinis
1156 1050 1333 1086 Prioribus
1354 1050 1628 1086 Prouincialibus
1647 1051 1702 1085 vel

236 1111 524 1146 conuentualibus
539 1124 602 1158 pro
614 1117 770 1158 tempore
784 1111 1015 1146 existentibus
1029 1111 1165 1146 fueritis
1178 1124 1282 1159 super
1295 1112 1361 1147 hoc
1375 1112 1532 1159 requisiti
1554 1133 1560 1138 ·
1584 1125 1703 1147 omnes

236 1179 273 1207 et
299 1172 454 1220 singulos
473 1172 736 1219 parrochialium
757 1172 980 1208 ecclesiarum
1008 1172 1042 1206 in
1061 1172 1187 1207 vestris
1214 1172 1411 1220 respectiue
1442 1172 1640 1208 ciuitatibus
1669 1179 1704 1208 et

237 1233 434 1268 diocesibus
463 1233 688 1268 existentium
717 1239 872 1268 rectores
903 1246 965 1267 seu
983 1233 1129 1268 vicarios
1152 1254 1158 1259 -
1183 1234 1225 1268 ad
1243 1233 1482 1268 desistendum
1500 1234 1643 1282 posthac
1661 1235 1703 1268 ab

236 1293 433 1328 huiusmodi
447 1293 614 1328 molestiis
627 1299 662 1328 et
675 1293 934 1341 grauaminibus
946 1294 1281 1342 constitutionesque
1296 1294 1470 1342 predictas
1486 1301 1522 1330 et
1535 1295 1704 1330 dictorum

236 1354 397 1389 Fratrum
417 1354 601 1402 priuilegia
618 1354 669 1390 eis
687 1354 935 1390 inuiolabiliter
954 1355 1172 1390 obseruanda
1193 1376 1200 1382 ·
1223 1356 1286 1391 sub
1312 1355 1412 1403 penis
1431 1361 1467 1391 et
1485 1356 1641 1391 censuris
1670 1356 1705 1391 in

237 1416 318 1463 dictj
342 1416 439 1463 Sextj
458 1415 708 1463 predicessoris
727 1415 932 1451 inhibitione
951 1416 1124 1451 contentis
1147 1438 1153 1443 ·
1177 1417 1345 1452 moneatis
1364 1423 1399 1452 et
1424 1417 1488 1452 eiis
1506 1417 1706 1464 precipiatis

238 1477 488 1512 Inobedientes
506 1490 590 1512 vero
609 1477 789 1524 legittimis
816 1490 920 1524 super
946 1477 1012 1512 hoc
1043 1477 1212 1512 habendis
1239 1477 1460 1525 processibus
1479 1490 1644 1513 censuras
1671 1484 1706 1513 et

237 1551 345 1586 penas
363 1538 537 1586 predictas
567 1538 755 1573 incurrisse
787 1537 972 1573 declaretis
1003 1544 1039 1574 et
1069 1538 1263 1574 declaratos
1294 1539 1432 1586 publice
1463 1539 1636 1574 nuncietis
1667 1552 1705 1574 ac

237 1599 392 1646 nunciarj
413 1605 450 1634 et
466 1606 504 1634 vt
521 1599 608 1634 tales
627 1599 670 1634 ab
688 1599 847 1634 omnibus
867 1599 996 1634 arctius
1015 1599 1137 1634 euitari
1157 1600 1328 1635 mandetis
1348 1606 1383 1635 et
1401 1600 1467 1635 alia
1486 1600 1619 1635 faciatis
1638 1613 1704 1648 que

238 1660 272 1694 in
292 1660 468 1708 premissis
486 1659 617 1695 fuerint
634 1659 894 1707 quomodolibet
908 1667 1079 1707 oportuna
1122 1661 1289 1696 Inuocato
1304 1661 1406 1696 etiam
1426 1662 1468 1696 ad
1486 1662 1552 1696 hoc
1570 1662 1705 1708 quoties

239 1734 325 1768 opus
343 1721 448 1756 fuerit
466 1721 594 1756 auxilio
613 1721 743 1768 brachij
764 1721 930 1756 secularis
953 1743 959 1748 -
981 1721 1133 1769 reliquas
1151 1735 1236 1757 vero
1255 1735 1422 1769 personas
1440 1729 1507 1757 tam
1528 1723 1707 1757 ecclesias-

239 1781 325 1815 ticas
343 1794 443 1828 quam
463 1781 637 1816 seculares
655 1781 891 1829 cuiuscunque
920 1789 1029 1818 status
1055 1789 1115 1817 aut
1132 1783 1340 1818 conditionis
1359 1783 1512 1818 existant
1533 1804 1538 1810 ·
1562 1784 1619 1830 qui
1634 1796 1707 1818 ree-

240 1841 373 1876 toribus
403 1842 666 1889 parrochialium
699 1842 923 1877 ecclesiarum
954 1843 989 1877 in
1016 1843 1193 1890 premissis
1212 1850 1332 1878 contra
1363 1844 1504 1879 Fratres
1530 1844 1706 1891 predictos

241 1902 405 1936 auxilium
424 1902 480 1937 vel
507 1903 686 1937 consilium
714 1903 864 1950 prebere
888 1904 1165 1951 presumpserint
1186 1925 1192 1931 -
1214 1917 1277 1951 per
1295 1917 1459 1939 censuras
1478 1912 1514 1939 et
1531 1904 1598 1939 alia
1623 1905 1706 1939 iuris

241 1970 411 2009 oportuna
429 1963 583 1998 remedia
600 1963 789 1998 monitione
808 1964 977 2011 premissa
1002 1964 1191 1999 districtius
1210 1965 1357 2000 arceatis
1375 1972 1411 2000 et
1428 1971 1466 2000 vt
1489 1978 1509 2000 a
1526 1965 1652 2000 talibus
1672 1966 1705 1999 in

240 2023 392 2058 futurum
405 2031 551 2059 caueant
564 2024 768 2072 prohibiatis
799 2025 878 2059 Non
891 2025 1108 2060 obstantibus
1120 2026 1423 2061 constitutionibus
1435 2032 1470 2061 et
1485 2026 1707 2061 ordinationi-

241 2084 305 2119 bus
324 2085 522 2132 apostolicis
540 2098 579 2120 ac
597 2085 630 2119 in
661 2085 852 2129 synodibus
870 2085 1025 2120 conciliis
1044 2086 1146 2121 editis
1175 2087 1312 2121 statutis
1344 2092 1381 2121 et
1397 2087 1706 2122 consuetudinibus

237 2145 434 2191 juramento
453 2146 713 2181 confirmatione
745 2146 933 2193 apostolica
953 2147 1007 2181 vel
1028 2147 1149 2194 quauis
1180 2147 1247 2182 alia
1276 2147 1438 2182 firmitate
1471 2148 1640 2183 roboratis
1671 2155 1707 2184 et

241 2206 315 2241 aliis
334 2219 401 2253 que
418 2207 567 2242 Romani
587 2207 772 2242 Pontifices
799 2207 1059 2255 predicessores
1085 2208 1195 2255 nostrj
1227 2208 1352 2256 prefatj
1372 2208 1406 2243 in
1427 2209 1498 2244 suis
1516 2215 1552 2244 et
1582 2221 1644 2244 nos
1671 2210 1704 2243 in

243 2267 369 2302 nostris
401 2268 512 2303 literis
543 2268 814 2316 priuelegiorum
841 2267 1029 2315 gratiarum
1062 2275 1098 2303 et
1124 2269 1334 2304 indultorum
1366 2269 1458 2304 dicto
1486 2269 1596 2317 ordinj
1630 2283 1707 2305 con-

949 2333 967 2359 ‘2
986 2339 1004 2359 E
