1922 2764
627 270 667 305 B.
698 270 744 306 V.
772 270 942 306 MARIE
969 271 1037 306 ET
1066 272 1101 308 S.
1130 273 1289 309 ANNE.
1642 284 1688 320 47

228 373 384 402 exactam
403 367 618 414 diligentiam
644 381 708 415 pro
726 368 857 403 eisdem
884 368 1110 416 importandis
1128 370 1176 405 Et
1195 371 1326 406 eisdem
1345 375 1546 410 communiis
1564 376 1687 424 impor-

227 428 306 464 tatis
338 429 477 463 easdem
503 429 747 464 deliberabunt
778 429 960 476 Preposito
987 436 1023 465 et
1046 430 1080 464 in
1109 430 1184 465 eius
1212 432 1368 467 absentia
1397 435 1587 480 presidenti
1605 447 1614 474 l
1630 439 1686 485 qui

231 489 430 536 prepositus
449 489 522 524 siue
541 489 724 536 presidens
741 489 846 524 faciet
866 490 1006 525 fidelem
1024 491 1303 527 distributionem
1323 494 1366 528 de
1384 494 1577 531 huiusmodi
1597 512 1687 533 com-

225 550 350 584 muniis
373 550 518 597 singulis
541 550 779 597 prebendariis
796 559 805 586 Ι
820 551 972 598 receptis
990 552 1084 599 prius
1103 552 1145 587 ab
1164 552 1295 588 eisdem
1313 555 1553 601 prebendariis
1572 565 1607 594 et
1624 573 1686 606 per

224 610 317 657 ipsos
344 611 465 645 solutis
491 611 590 658 penis
617 611 826 658 pecuniariis
852 625 914 658 pro
943 625 1061 647 eorum
1089 613 1256 649 absentiis
1284 621 1319 650 et
1345 628 1413 650 non
1442 617 1685 655 obseruatione

222 671 434 706 fundationis
462 677 497 706 et
524 677 729 706 statutorum
758 671 848 706 dicte
882 673 1040 708 Ecclesie
1069 673 1265 721 Collegiate
1293 676 1419 711 debitis
1450 684 1530 713 ante
1557 680 1685 715 dictum

224 732 409 778 capitulum
431 732 630 767 Sabatinum
650 739 713 767 etc.

223 965 425 1012 SEQUITUR
451 974 599 1008 intentio
625 974 817 1009 fundatoris
845 987 906 1021 pro
931 975 1176 1011 reformatione
1199 983 1235 1012 et
1260 980 1479 1025 reparatione
1506 981 1597 1016 dicte
1618 983 1684 1018 Ec»

221 1035 326 1070 clesie
347 1035 543 1082 Collegiate
563 1040 598 1069 et
620 1041 897 1069 tenementorum
926 1048 1078 1071 meorum
1106 1050 1168 1084 per
1196 1050 1249 1073 me
1277 1039 1513 1076 edificatorum
1541 1049 1576 1077 et
1603 1056 1682 1078 con—

219 1102 419 1144 questorum
437 1096 480 1130 ad
500 1095 787 1130 sustentationem
807 1096 889 1131 dicti
910 1096 1060 1144 Collegii
1078 1098 1146 1133 mei

218 1185 468 1251 INPRIMIS
495 1216 539 1250 do
558 1222 594 1251 et
611 1216 750 1262 assigno
776 1229 839 1261 pro
867 1217 1085 1263 reparatione
1104 1219 1294 1254 eorundem
1313 1220 1346 1254 in
1367 1222 1495 1267 tegulis
1513 1223 1603 1258 vitro
1621 1225 1679 1272 lye

218 1283 403 1324 poyntyng
420 1289 497 1312 cum
515 1276 708 1312 defecerint
726 1277 759 1311 in
779 1283 877 1324 parte
892 1278 947 1312 vel
967 1278 1000 1312 in
1017 1284 1089 1313 toto
1105 1288 1114 1315 l
1130 1279 1292 1327 Inprimis
1311 1288 1546 1319 tenementum
1566 1298 1678 1321 meum

217 1345 297 1373 ante
316 1344 352 1373 et
370 1344 463 1373 retro
487 1339 606 1384 jacens
634 1338 667 1372 in
694 1338 832 1385 publica
850 1338 905 1373 via
923 1352 989 1385 que
1017 1339 1111 1374 ducit
1133 1353 1152 1374 a
1170 1340 1267 1376 Loco
1293 1341 1452 1378 Fratrum
1482 1345 1678 1382 Predicato-

217 1412 292 1433 rum
315 1398 585 1445 Glasgucnsium
606 1399 647 1433 ad
665 1399 814 1434 Crucem
833 1398 991 1434 Foralem
1008 1400 1162 1435 eiusdem
1182 1414 1228 1435 ex
1245 1408 1344 1448 parte
1363 1404 1568 1440 occidentali
1588 1408 1678 1443 inter

217 1467 326 1495 terras
346 1459 463 1494 Dauid
485 1460 654 1506 Symsone
674 1472 719 1494 ex
737 1459 867 1494 boreali
886 1466 922 1494 et
938 1459 1104 1494 Willelmi
1124 1461 1360 1497 Androsoune
1381 1477 1425 1498 ex
1444 1467 1584 1501 australi
1603 1481 1678 1515 par-

216 1520 307 1555 tibus
325 1530 332 1556 l
350 1521 438 1555 Item
456 1520 607 1567 quinque
626 1532 775 1566 aggeres
803 1520 876 1554 siue
904 1521 1005 1555 rodas
1024 1528 1117 1556 terre
1137 1535 1214 1556 cum
1232 1535 1300 1558 vna
1321 1531 1418 1559 curta
1443 1527 1528 1561 roda
1546 1528 1677 1564 eisdem

216 1581 395 1616 adiacente
419 1581 576 1627 jacentes
602 1580 636 1614 in
660 1580 786 1627 Longa
805 1580 927 1616 Crofta
944 1581 1036 1616 inter
1054 1587 1166 1617 terras
1184 1584 1356 1630 quondam
1382 1585 1551 1623 Johannis
1580 1589 1677 1625 Bow-

216 1643 299 1677 thok
323 1655 368 1677 ex
394 1642 600 1677 occidentali
627 1648 662 1676 et
687 1647 798 1677 terras
816 1643 986 1689 quondam
1007 1643 1177 1679 Johannis
1199 1644 1304 1692 Gayn
1325 1659 1369 1681 ex
1387 1648 1546 1684 orientali
1573 1653 1676 1697 parti-

214 1705 277 1738 bus
293 1713 302 1740 l
319 1704 407 1738 Item
433 1715 534 1737 vnam
561 1715 719 1750 magnam
744 1715 854 1738 acram
882 1710 1112 1751 nuncupatam
1129 1714 1138 1741 l
1155 1703 1234 1740 The
1263 1706 1353 1740 How
1373 1707 1464 1742 Akir
1480 1709 1673 1756 sjacentem

214 1764 247 1798 in
269 1764 466 1811 Cropnesto
485 1764 576 1798 inter
594 1769 704 1798 terras
731 1764 848 1798 tumbe
879 1764 994 1799 Sancti
1023 1765 1233 1812 Kentigerni
1261 1779 1306 1800 ex
1333 1768 1492 1802 orientali
1510 1776 1546 1804 et
1563 1777 1673 1806 terras

214 1825 417 1860 vicariorum
437 1824 532 1859 chori
554 1824 785 1871 Glasguensis
804 1837 849 1859 ex
867 1825 1072 1860 occidentali
1088 1834 1097 1861 l
1114 1825 1162 1860 Et
1184 1838 1247 1872 pro
1271 1827 1447 1873 premissis
1466 1841 1671 1866 conseruan-

213 1886 265 1920 dis
283 1885 488 1932 colligendis
508 1891 543 1920 et
561 1885 785 1932 disponendis
803 1885 837 1919 in
858 1885 949 1920 omni
968 1886 1117 1932 capitulo
1139 1887 1300 1921 Sabatino
1322 1887 1578 1924 Pentheeostali
1597 1892 1671 1927 siue

213 1947 247 1981 in
275 1946 466 1981 ebdomada
491 1946 650 1993 sequenti
667 1954 676 1982 l
692 1945 771 1980 volo
789 1946 881 1992 quod
907 1959 970 1992 per
998 1946 1215 1993 Prepositum
1243 1953 1279 1981 et
1304 1948 1552 1994 prebendarios
1575 1958 1610 1986 et
1636 1953 1670 1987 in

213 2007 294 2042 dicti
315 2007 486 2054 Prepositi
504 2006 661 2041 absentia
678 2019 740 2053 per
758 2006 994 2053 presidentem
1012 2019 1074 2052 pro
1092 2012 1249 2053 tempore
1264 2013 1302 2042 vt
1320 2008 1468 2055 eligatur
1487 2024 1574 2046 Vnus
1592 2025 1669 2059 pre-

212 2068 399 2102 bendarius
414 2067 457 2102 de
472 2067 564 2102 dicta
580 2067 741 2102 Ecclesia
756 2066 951 2112 Collegiata
969 2066 1078 2112 magis
1091 2066 1204 2101 fidelis
1219 2073 1254 2102 et
1271 2068 1424 2114 prudens
1438 2070 1495 2116 qui
1513 2080 1521 2107 s
1538 2071 1669 2119 Magis-

211 2136 265 2163 ter
291 2128 436 2163 Fabrice
453 2137 462 2164 Ι
478 2127 569 2162 dicte
597 2127 743 2162 ecclesie
770 2126 1027 2162 nominabitur!
1043 2126 1100 2172 qui
1127 2126 1325 2173 importabit
1349 2129 1481 2164 fructus
1500 2131 1668 2168 dictorum

211 2194 486 2223 tenementorum
507 2194 543 2223 et
561 2194 730 2222 terrarum
750 2192 785 2221 et
803 2199 878 2220 cum
897 2186 1027 2221 eisdem
1047 2187 1201 2234 singulos
1220 2188 1376 2224 defectus
1394 2196 1432 2224 vt
1456 2204 1559 2239 supra
1577 2194 1668 2229 dicte

212 2249 357 2284 ecclesie
377 2255 412 2283 et
429 2254 706 2283 tenementorum
721 2247 922 2282 reformabit
940 2247 1105 2281 resarciet
1120 2254 1155 2282 et
1173 2249 1366 2284 meliorabit
1382 2259 1391 2286 l
1409 2250 1480 2291 Qui
1498 2252 1532 2286 in
1551 2253 1667 2289 huius-

210 2310 301 2344 modi
320 2309 429 2343 offlcio
447 2322 510 2355 per
532 2309 677 2356 spatium
697 2307 797 2342 vnius
816 2307 895 2342 anni
922 2308 1162 2354 perseuerabit
1180 2316 1215 2344 et
1233 2322 1343 2344 nouus
1362 2311 1448 2346 alius
1475 2314 1665 2359 prebenda-
