1922 2764
210 280 254 317 72
538 272 694 308 LIBER
719 272 968 308 ECCLESIE
997 270 1337 307 COLLEGIATE

208 373 295 408 teith
321 373 410 406 filius
437 377 473 406 et
498 371 600 406 heres
627 371 797 418 quondam
824 370 993 406 Johannis
1020 369 1197 403 Menteith
1224 368 1309 402 ciuis
1331 367 1562 414 Glasguensis
1589 381 1664 403 cum

208 446 380 469 consensu
398 439 433 467 et
451 445 593 467 assensu
612 444 750 466 suorum
769 437 963 465 curatorum
981 438 989 465 Ι
1005 429 1169 463 videlieet
1185 437 1193 464 l
1212 428 1406 462 Alexandri
1426 427 1603 475 Lyndesai
1622 429 1664 464 de

209 494 419 530 Corsbaseat
445 499 481 527 et
506 492 659 539 magistri
687 491 871 526 Michaelis
900 489 1062 536 Hugonis
1089 489 1179 523 dicte
1199 488 1348 522 ciuitatis
1368 488 1452 522 ciuis
1469 497 1478 525 l
1494 489 1666 524 assedauit

209 561 244 590 et
270 555 312 589 ad
334 554 560 589 feodifirmam
584 552 713 587 dimisit
739 552 903 598 magistro
929 550 1060 586 Jacobo
1090 549 1299 583 Houstoune
1325 548 1513 583 heredibus
1538 550 1607 584 suis
1632 556 1666 584 et

208 615 391 662 assignatis
409 626 512 648 vnum
531 613 692 647 horreum
719 612 792 646 siue
812 615 1046 645 tenementum
1067 609 1150 643 duas
1169 609 1351 643 continens
1369 615 1537 644 terrarum
1564 610 1666 644 rodas

205 676 325 722 jacens
336 675 370 708 in
383 680 481 722 parte
493 673 624 708 boreali
637 673 717 707 Vici
733 673 857 706 Sancte
870 671 1003 705 Tenew
1015 669 1163 704 ciuitatis
1179 669 1409 715 Glasguensis
1426 678 1434 706 l
1450 670 1541 704 inter
1554 675 1666 705 terras

210 736 283 770 siue
302 740 502 769 tenementa
520 733 690 780 quondam
712 731 915 766 Archibaldi
935 730 1125 764 Watsoune
1145 742 1189 764 ex
1207 735 1305 776 parte
1324 729 1483 764 orientali
1509 736 1545 765 et
1571 737 1666 766 tene-

210 801 362 830 mentum
390 808 451 829 seu
476 794 637 828 horreum
656 792 825 828 Johannis
851 790 996 837 Logane
1024 802 1069 824 ex
1095 795 1193 837 parte
1220 789 1424 824 occidentali
1442 799 1450 826 Ι
1468 790 1564 831 Quas
1582 804 1667 826 vero

210 855 294 890 duas
313 855 414 889 rodas
433 867 493 888 seu
511 853 671 887 horreum
691 864 767 886 eum
783 851 887 885 ductu
904 850 1003 885 vnius
1018 862 1115 884 carre
1129 850 1220 884 vltra
1238 850 1410 884 stillicidia
1426 850 1534 897 ipsius
1551 851 1667 886 horrei

211 928 256 950 ex
281 921 379 962 parte
398 914 527 949 boreali
552 913 706 960 prefatus
733 911 851 946 Dauid
879 910 1054 945 Menteith
1073 922 1218 945 vnaeum
1237 922 1408 944 consensu
1433 910 1666 957 predictorum

211 981 405 1010 curatorum
433 973 633 1020 simpliciter
661 973 695 1006 in
722 971 878 1006 manibus
905 970 1113 1005 venerabilis
1140 970 1204 1004 viri
1232 970 1348 1004 Dauid
1376 969 1554 1016 Lyndesai
1576 971 1666 1006 dicte

212 1036 360 1071 ciuitatis
379 1041 461 1070 tune
478 1034 597 1068 balliui
624 1032 814 1078 resignauit
832 1032 867 1065 in
887 1031 1038 1065 fauorem
1066 1030 1212 1077 predicti
1238 1030 1393 1077 magistri
1410 1031 1532 1067 Jacobi
1552 1031 1667 1066 Hous-

211 1103 317 1131 toune
334 1104 343 1132 1
360 1095 465 1129 Vnde
492 1094 583 1128 idem
610 1093 757 1128 balliuus
776 1092 819 1127 de
838 1092 995 1139 predicto
1013 1097 1214 1126 tenemento
1241 1091 1399 1126 saisinam
1424 1091 1667 1127 hereditariam

212 1156 303 1190 dicto
330 1155 494 1201 magistro
511 1153 642 1190 Jacobo
671 1153 858 1187 heredibus
876 1158 912 1187 et
929 1152 1112 1198 assignatis
1139 1152 1208 1186 suis
1234 1164 1297 1198 per
1321 1157 1447 1187 terram
1467 1158 1502 1187 et
1519 1152 1668 1199 lapidem

212 1215 418 1250 deliberauit
435 1224 443 1250 l
461 1213 656 1249 Reddendo
675 1213 755 1247 inde
775 1213 950 1247 annuatim
975 1212 1152 1259 predictus
1170 1212 1334 1258 magister
1351 1212 1502 1248 Jacobus
1520 1212 1668 1248 heredes

214 1277 265 1311 sui
280 1283 316 1311 et
329 1275 493 1321 assignati
513 1280 646 1321 septem
666 1273 793 1308 solidos
812 1273 940 1307 vsualis
958 1278 1096 1307 monete
1115 1272 1215 1318 regni
1237 1272 1357 1307 Seoeie
1375 1273 1531 1320 predicto
1550 1273 1669 1307 Dauid

214 1336 390 1372 Menteith
416 1335 602 1370 heredibus
630 1333 699 1368 suis
718 1340 753 1368 et
771 1333 953 1379 assignatis
971 1345 1115 1367 vnacum
1137 1333 1231 1366 firma
1256 1332 1391 1379 burgali
1414 1353 1419 1359 ·
1443 1332 1668 1367 Presentibus

214 1397 340 1431 ibidem
366 1395 525 1432 Johanne
554 1394 676 1429 Pollok
705 1393 863 1440 Georgio
891 1393 1102 1427 Robesoune
1130 1392 1290 1428 Johanne
1319 1393 1442 1439 Atkyn
1471 1399 1506 1427 et
1531 1393 1669 1428 domino

217 1456 392 1491 Willelmo
429 1455 568 1489 Huntar
591 1475 596 1480 ·
620 1453 687 1488 ET
722 1453 833 1488 EGO
867 1452 1100 1489 JACOBUS
1133 1452 1311 1499 Lindesay
1342 1453 1465 1488 artium
1496 1453 1669 1500 professor

216 1517 373 1563 publicus
391 1515 594 1550 auctoritate
616 1513 818 1560 Apostolioa
836 1513 989 1548 notarius
1005 1521 1014 1549 l
1033 1513 1213 1547 Premissis
1234 1511 1330 1559 [eta]

217 1666 287 1731 IN
315 1695 405 1730 DEI
431 1694 568 1729 nomine
589 1694 704 1728 Amen
727 1715 732 1719 -
758 1693 824 1728 Per
842 1693 907 1728 hoc
925 1694 1099 1740 publicum
1118 1693 1382 1727 instrumentum
1404 1693 1536 1727 eunctis
1555 1699 1671 1740 pateat

217 1757 308 1803 quod
335 1768 424 1790 anno
450 1754 695 1790 incarnationis
721 1754 906 1788 Dominice
934 1754 1113 1788 millesimo
1132 1753 1410 1800 quingentesimo
1428 1754 1596 1800 vigesimo
1615 1754 1670 1788 die

217 1830 300 1852 vero
319 1817 452 1852 decimo
472 1815 596 1850 mensis
615 1815 699 1851 Julii
716 1823 724 1851 l
742 1814 781 1848 In
808 1815 874 1849 mei
894 1815 1019 1849 notarii
1043 1815 1171 1862 publici
1190 1820 1225 1849 et
1242 1814 1381 1849 testium
1401 1815 1671 1861 subscriptorum

217 1877 392 1924 presentia
409 1876 639 1924 personaliter
659 1875 865 1910 constitutus
883 1875 1061 1911 Johannes
1079 1875 1247 1921 Oliphant
1264 1874 1354 1909 filius
1369 1875 1539 1921 quondam
1560 1875 1671 1909 Marci

220 1937 387 1984 Oliphant
407 1946 415 1973 l
436 1949 511 1971 oum
539 1948 705 1983 expresso
732 1948 903 1970 consensu
922 1941 957 1970 et
975 1948 1117 1970 assensu
1142 1935 1343 1981 Margarete
1365 1935 1591 1970 Huehisoune
1611 1948 1671 1970 sue

219 1997 334 2031 matris
352 2005 359 2033 l
377 1997 531 2031 existens
548 1996 582 2030 in
599 2002 689 2030 statu
704 2002 739 2030 et
757 1995 883 2030 saisina
896 1995 996 2030 vnius
1010 1996 1200 2030 tenementi
1215 2001 1294 2030 ante
1310 2001 1345 2030 et
1362 2001 1456 2030 retro
1471 1995 1618 2042 jacentis
1637 1996 1670 2029 in

219 2057 357 2091 ciuitate
379 2056 591 2103 Glasguensi
618 2056 652 2090 in
671 2056 726 2090 via
744 2056 910 2091 tendente
930 2069 949 2090 a
968 2055 1082 2090 Cruce
1102 2055 1217 2090 Forali
1243 2056 1285 2090 ad
1313 2055 1451 2090 Portam
1472 2055 1671 2090 Australem

221 2130 264 2151 ex
290 2123 387 2163 parte
407 2116 611 2151 occidentali
630 2116 818 2151 communis
836 2116 891 2150 vie
911 2116 1065 2151 eiusdem
1092 2116 1182 2150 inter
1210 2122 1320 2150 terras
1348 2115 1496 2150 Dauidis
1515 2115 1671 2149 Wilsone

221 2188 264 2210 ex
289 2176 428 2210 australi
448 2182 482 2211 et
500 2183 609 2210 terras
634 2176 746 2211 Marci
773 2176 856 2210 Hall
875 2188 919 2211 ex
937 2176 1068 2211 boreali
1092 2176 1246 2223 partibus
1268 2185 1277 2212 l
1298 2176 1345 2210 Et
1368 2176 1495 2210 ibidem
1519 2176 1672 2222 prefatus

221 2236 399 2272 Johannes
418 2236 545 2271 dictum
565 2249 661 2271 suum
677 2243 912 2271 tenementum
931 2237 964 2271 in
984 2237 1140 2271 manibus
1157 2237 1367 2271 honorabilis
1385 2237 1449 2271 viri
1470 2236 1672 2270 Arehibaldi

225 2297 465 2331 Herbertsone
485 2297 584 2331 vnius
610 2298 814 2331 balliuorum
833 2298 923 2332 dicte
943 2297 1091 2332 ciuitatis
1110 2297 1310 2344 simpliciter
1327 2297 1361 2331 in
1379 2297 1532 2332 fauorem
1551 2309 1671 2331 vener-
