<?xml version="1.0" encoding="UTF-8"?>
<!DOCTYPE html PUBLIC "-//W3C//DTD XHTML 1.0 Transitional//EN"
    "http://www.w3.org/TR/xhtml1/DTD/xhtml1-transitional.dtd">
<html xmlns="http://www.w3.org/1999/xhtml" xml:lang="en" lang="en">
 <head>
  <title>
</title>
<meta http-equiv="Content-Type" content="text/html;charset=utf-8" />
  <meta name='ocr-system' content='tesseract 3.04.00' />
  <meta name='ocr-capabilities' content='ocr_page ocr_carea ocr_par ocr_line ocrx_word'/>
</head>
<body>
  <div class='ocr_page' id='page_1' title='image "./libercollegiinos00mait_0114.png"; bbox 0 0 1922 2764; ppageno 0'>
   <div class='ocr_carea' id='block_1_1' title="bbox 261 232 1389 275">
    <p class='ocr_par' dir='ltr' id='par_1_1' title="bbox 261 232 1389 275">
     <span class='ocr_line' id='line_1_1' title="bbox 261 232 1389 275; baseline -0.007 0"><span class='ocrx_word' id='word_1_1' title='bbox 261 246 280 275; x_wconf 54' lang='lat'>*3</span> <span class='ocrx_word' id='word_1_2' title='bbox 590 236 743 271; x_wconf 86' lang='lat' dir='ltr'>LIBER</span> <span class='ocrx_word' id='word_1_3' title='bbox 773 234 1019 270; x_wconf 88' lang='lat' dir='ltr'>ECCLESIE</span> <span class='ocrx_word' id='word_1_4' title='bbox 1049 232 1389 269; x_wconf 82' lang='lat' dir='ltr'><strong>COLLEGIATE</strong></span> 
     </span>
    </p>
   </div>
   <div class='ocr_carea' id='block_1_2' title="bbox 259 328 1721 2317">
    <p class='ocr_par' dir='ltr' id='par_1_2' title="bbox 259 328 1721 2317">
     <span class='ocr_line' id='line_1_2' title="bbox 261 328 1718 372; baseline -0.006 -1"><span class='ocrx_word' id='word_1_5' title='bbox 261 338 341 372; x_wconf 82' lang='lat' dir='ltr'>dem</span> <span class='ocrx_word' id='word_1_6' title='bbox 366 342 481 371; x_wconf 83' lang='lat' dir='ltr'>vestre</span> <span class='ocrx_word' id='word_1_7' title='bbox 501 334 648 369; x_wconf 91' lang='lat' dir='ltr'>diocesis</span> <span class='ocrx_word' id='word_1_8' title='bbox 702 332 940 368; x_wconf 87' lang='lat' dir='ltr'>Reuerencias</span> <span class='ocrx_word' id='word_1_9' title='bbox 959 338 994 366; x_wconf 88' lang='lat' dir='ltr'>et</span> <span class='ocrx_word' id='word_1_10' title='bbox 1011 331 1163 365; x_wconf 83' lang='lat' dir='ltr'>honores</span> <span class='ocrx_word' id='word_1_11' title='bbox 1191 343 1266 364; x_wconf 89' lang='lat' dir='ltr'>cum</span> <span class='ocrx_word' id='word_1_12' title='bbox 1295 329 1387 364; x_wconf 89' lang='lat' dir='ltr'>omni</span> <span class='ocrx_word' id='word_1_13' title='bbox 1413 328 1603 363; x_wconf 89' lang='lat' dir='ltr'>humilitate</span> <span class='ocrx_word' id='word_1_14' title='bbox 1622 335 1718 363; x_wconf 90' lang='lat' dir='ltr'>tanto</span> 
     </span>
     <span class='ocr_line' id='line_1_3' title="bbox 260 389 1718 442; baseline -0.005 -10"><span class='ocrx_word' id='word_1_15' title='bbox 260 395 554 432; x_wconf 85' lang='lat' dir='ltr'>reuerendissimo</span> <span class='ocrx_word' id='word_1_16' title='bbox 584 394 673 442; x_wconf 88' lang='lat' dir='ltr'>patri</span> <span class='ocrx_word' id='word_1_17' title='bbox 706 394 840 428; x_wconf 87' lang='lat' dir='ltr'>debitas</span> <span class='ocrx_word' id='word_1_18' title='bbox 878 392 1028 427; x_wconf 87' lang='lat' dir='ltr'>Nouerit</span> <span class='ocrx_word' id='word_1_19' title='bbox 1059 396 1174 425; x_wconf 87' lang='lat' dir='ltr'>vestra</span> <span class='ocrx_word' id='word_1_20' title='bbox 1205 389 1496 424; x_wconf 84' lang='lat' dir='ltr'>reuerendissima</span> <span class='ocrx_word' id='word_1_21' title='bbox 1530 389 1718 436; x_wconf 87' lang='lat' dir='ltr'>paternitas</span> 
     </span>
     <span class='ocr_line' id='line_1_4' title="bbox 260 449 1718 505; baseline -0.005 -13"><span class='ocrx_word' id='word_1_22' title='bbox 260 470 405 505; x_wconf 84' lang='lat' dir='ltr'>quonam</span> <span class='ocrx_word' id='word_1_23' title='bbox 431 462 530 504; x_wconf 85' lang='lat' dir='ltr'>pacto</span> <span class='ocrx_word' id='word_1_24' title='bbox 548 468 611 490; x_wconf 89' lang='lat' dir='ltr'>nos</span> <span class='ocrx_word' id='word_1_25' title='bbox 633 454 837 489; x_wconf 77' lang='lat' dir='ltr'>Alexander</span> <span class='ocrx_word' id='word_1_26' title='bbox 856 453 960 488; x_wconf 84' lang='lat' dir='ltr'>abbas</span> <span class='ocrx_word' id='word_1_27' title='bbox 979 458 1015 486; x_wconf 91' lang='lat' dir='ltr'>et</span> <span class='ocrx_word' id='word_1_28' title='bbox 1033 456 1225 486; x_wconf 88' lang='lat' dir='ltr'>conuentus</span> <span class='ocrx_word' id='word_1_29' title='bbox 1243 449 1368 496; x_wconf 82' lang='lat' dir='ltr'>prefati</span> <span class='ocrx_word' id='word_1_30' title='bbox 1387 449 1621 496; x_wconf 79' lang='lat' dir='ltr'>capitulariter</span> <span class='ocrx_word' id='word_1_31' title='bbox 1640 462 1718 484; x_wconf 90' lang='lat' dir='ltr'>con-</span> 
     </span>
     <span class='ocr_line' id='line_1_5' title="bbox 259 509 1719 565; baseline -0.005 -12"><span class='ocrx_word' id='word_1_32' title='bbox 259 518 398 565; x_wconf 85' lang='lat' dir='ltr'>gregati</span> <span class='ocrx_word' id='word_1_33' title='bbox 421 523 553 551; x_wconf 87' lang='lat' dir='ltr'>matura</span> <span class='ocrx_word' id='word_1_34' title='bbox 570 515 821 551; x_wconf 82' lang='lat' dir='ltr'>deliberatione</span> <span class='ocrx_word' id='word_1_35' title='bbox 840 512 1020 561; x_wconf 82' lang='lat' dir='ltr'>prehabita</span> <span class='ocrx_word' id='word_1_36' title='bbox 1038 524 1076 545; x_wconf 88' lang='lat' dir='ltr'>ac</span> <span class='ocrx_word' id='word_1_37' title='bbox 1093 510 1245 546; x_wconf 80' lang='lat' dir='ltr'>Jacobus</span> <span class='ocrx_word' id='word_1_38' title='bbox 1272 510 1489 544; x_wconf 80' lang='lat' dir='ltr'>subdecanus</span> <span class='ocrx_word' id='word_1_39' title='bbox 1508 515 1543 544; x_wconf 85' lang='lat' dir='ltr'>et</span> <span class='ocrx_word' id='word_1_40' title='bbox 1563 509 1719 545; x_wconf 89' lang='lat' dir='ltr'>Christo-</span> 
     </span>
     <span class='ocr_line' id='line_1_6' title="bbox 260 569 1719 616; baseline -0.007 -2"><span class='ocrx_word' id='word_1_41' title='bbox 260 579 355 614; x_wconf 88' lang='lat' dir='ltr'>forus</span> <span class='ocrx_word' id='word_1_42' title='bbox 374 577 521 612; x_wconf 89' lang='lat' dir='ltr'>vicarius</span> <span class='ocrx_word' id='word_1_43' title='bbox 540 576 736 612; x_wconf 86' lang='lat' dir='ltr'>antedictus</span> <span class='ocrx_word' id='word_1_44' title='bbox 754 573 905 609; x_wconf 87' lang='lat' dir='ltr'>vnanimi</span> <span class='ocrx_word' id='word_1_45' title='bbox 924 584 1096 607; x_wconf 88' lang='lat' dir='ltr'>consensu</span> <span class='ocrx_word' id='word_1_46' title='bbox 1114 577 1149 605; x_wconf 85' lang='lat' dir='ltr'>ct</span> <span class='ocrx_word' id='word_1_47' title='bbox 1167 582 1311 604; x_wconf 86' lang='lat' dir='ltr'>assensu</span> <span class='ocrx_word' id='word_1_48' title='bbox 1325 580 1331 607; x_wconf 73' lang='lat' dir='ltr'><em>s</em></span> <span class='ocrx_word' id='word_1_49' title='bbox 1347 570 1390 604; x_wconf 88' lang='lat' dir='ltr'>ad</span> <span class='ocrx_word' id='word_1_50' title='bbox 1412 569 1548 604; x_wconf 89' lang='lat' dir='ltr'>laudem</span> <span class='ocrx_word' id='word_1_51' title='bbox 1574 570 1719 616; x_wconf 83' lang='lat' dir='ltr'>gloriam</span> 
     </span>
     <span class='ocr_line' id='line_1_7' title="bbox 263 629 1720 673; baseline -0.006 0"><span class='ocrx_word' id='word_1_52' title='bbox 263 645 297 673; x_wconf 88' lang='lat' dir='ltr'>et</span> <span class='ocrx_word' id='word_1_53' title='bbox 330 638 496 672; x_wconf 85' lang='lat' dir='ltr'>honorem</span> <span class='ocrx_word' id='word_1_54' title='bbox 537 638 674 672; x_wconf 87' lang='lat' dir='ltr'>Summe</span> <span class='ocrx_word' id='word_1_55' title='bbox 710 641 745 670; x_wconf 93' lang='lat' dir='ltr'>et</span> <span class='ocrx_word' id='word_1_56' title='bbox 780 633 964 668; x_wconf 83' lang='lat' dir='ltr'>Indiuidue</span> <span class='ocrx_word' id='word_1_57' title='bbox 1001 630 1183 666; x_wconf 80' lang='lat' dir='ltr'>Trinitatis</span> <span class='ocrx_word' id='word_1_58' title='bbox 1222 630 1332 665; x_wconf 89' lang='lat' dir='ltr'>Patris</span> <span class='ocrx_word' id='word_1_59' title='bbox 1371 629 1536 665; x_wconf 88' lang='lat' dir='ltr'>videlicet</span> <span class='ocrx_word' id='word_1_60' title='bbox 1570 630 1647 665; x_wconf 88' lang='lat' dir='ltr'>Filii</span> <span class='ocrx_word' id='word_1_61' title='bbox 1685 637 1720 665; x_wconf 90' lang='lat' dir='ltr'>et</span> 
     </span>
     <span class='ocr_line' id='line_1_8' title="bbox 264 690 1719 746; baseline -0.006 -12"><span class='ocrx_word' id='word_1_62' title='bbox 264 697 523 746; x_wconf 83' lang='lat' dir='ltr'>Spiritussancti</span> <span class='ocrx_word' id='word_1_63' title='bbox 545 707 551 733; x_wconf 75' lang='lat' dir='ltr'>l</span> <span class='ocrx_word' id='word_1_64' title='bbox 572 695 778 730; x_wconf 78' lang='lat' dir='ltr'>Beatissime</span> <span class='ocrx_word' id='word_1_65' title='bbox 806 694 1086 738; x_wconf 84' lang='lat' dir='ltr'>Intemeratequc</span> <span class='ocrx_word' id='word_1_66' title='bbox 1116 691 1274 737; x_wconf 81' lang='lat' dir='ltr'>Virginis</span> <span class='ocrx_word' id='word_1_67' title='bbox 1303 690 1415 725; x_wconf 84' lang='lat' dir='ltr'>Marie</span> <span class='ocrx_word' id='word_1_68' title='bbox 1442 691 1622 737; x_wconf 83' lang='lat' dir='ltr'>genitricis</span> <span class='ocrx_word' id='word_1_69' title='bbox 1650 691 1719 725; x_wconf 93' lang='lat' dir='ltr'>Dei</span> 
     </span>
     <span class='ocr_line' id='line_1_9' title="bbox 260 751 1720 795; baseline -0.005 -1"><span class='ocrx_word' id='word_1_70' title='bbox 260 766 295 795; x_wconf 89' lang='lat' dir='ltr'>et</span> <span class='ocrx_word' id='word_1_71' title='bbox 313 758 456 794; x_wconf 90' lang='lat' dir='ltr'>Domini</span> <span class='ocrx_word' id='word_1_72' title='bbox 482 758 593 792; x_wconf 81' lang='lat' dir='ltr'>nostri</span> <span class='ocrx_word' id='word_1_73' title='bbox 618 757 728 792; x_wconf 86' lang='lat' dir='ltr'>Jhesu</span> <span class='ocrx_word' id='word_1_74' title='bbox 749 755 879 790; x_wconf 77' lang='lat' dir='ltr'>Christi</span> <span class='ocrx_word' id='word_1_75' title='bbox 898 766 901 781; x_wconf 45' lang='grc' dir='ltr'>π’</span> <span class='ocrx_word' id='word_1_76' title='bbox 918 759 953 788; x_wconf 90' lang='lat' dir='ltr'>et</span> <span class='ocrx_word' id='word_1_77' title='bbox 980 753 1088 787; x_wconf 85' lang='lat' dir='ltr'>Beate</span> <span class='ocrx_word' id='word_1_78' title='bbox 1119 751 1223 786; x_wconf 90' lang='lat' dir='ltr'>Anne</span> <span class='ocrx_word' id='word_1_79' title='bbox 1250 752 1368 786; x_wconf 79' lang='lat' dir='ltr'>matris</span> <span class='ocrx_word' id='word_1_80' title='bbox 1386 751 1460 786; x_wconf 89' lang='lat' dir='ltr'>eius</span> <span class='ocrx_word' id='word_1_81' title='bbox 1476 762 1481 788; x_wconf 70' lang='lat' dir='ltr'><em>J</em></span> <span class='ocrx_word' id='word_1_82' title='bbox 1497 764 1536 786; x_wconf 89' lang='lat' dir='ltr'>ac</span> <span class='ocrx_word' id='word_1_83' title='bbox 1556 751 1720 786; x_wconf 85' lang='lat' dir='ltr'>Omnium</span> 
     </span>
     <span class='ocr_line' id='line_1_10' title="bbox 264 812 1718 862; baseline -0.006 -7"><span class='ocrx_word' id='word_1_84' title='bbox 264 822 466 856; x_wconf 87' lang='lat' dir='ltr'>Sanctorum</span> <span class='ocrx_word' id='word_1_85' title='bbox 494 817 632 853; x_wconf 80' lang='lat' dir='ltr'>celestis</span> <span class='ocrx_word' id='word_1_86' title='bbox 663 816 757 851; x_wconf 89' lang='lat' dir='ltr'>curie</span> <span class='ocrx_word' id='word_1_87' title='bbox 774 826 857 862; x_wconf 86' lang='lat' dir='ltr'>pro</span> <span class='ocrx_word' id='word_1_88' title='bbox 890 814 999 848; x_wconf 81' lang='lat' dir='ltr'>salute</span> <span class='ocrx_word' id='word_1_89' title='bbox 1031 813 1218 847; x_wconf 85' lang='lat' dir='ltr'>animarum</span> <span class='ocrx_word' id='word_1_90' title='bbox 1246 812 1528 847; x_wconf 87' lang='lat' dir='ltr'>recolendissime</span> <span class='ocrx_word' id='word_1_91' title='bbox 1556 813 1718 847; x_wconf 85' lang='lat' dir='ltr'>memorie</span> 
     </span>
     <span class='ocr_line' id='line_1_11' title="bbox 262 873 1718 921; baseline -0.006 -5"><span class='ocrx_word' id='word_1_92' title='bbox 262 880 405 916; x_wconf 87' lang='lat' dir='ltr'>Domini</span> <span class='ocrx_word' id='word_1_93' title='bbox 424 879 545 915; x_wconf 88' lang='lat' dir='ltr'>Jacobi</span> <span class='ocrx_word' id='word_1_94' title='bbox 589 876 714 918; x_wconf 82' lang='lat' dir='ltr'>Quarti</span> <span class='ocrx_word' id='word_1_95' title='bbox 736 876 914 910; x_wconf 80' lang='lat' dir='ltr'>Scotorum</span> <span class='ocrx_word' id='word_1_96' title='bbox 934 874 1042 921; x_wconf 85' lang='lat' dir='ltr'>Regis</span> <span class='ocrx_word' id='word_1_97' title='bbox 1060 873 1281 908; x_wconf 83' lang='lat' dir='ltr'>illustrissimi</span> <span class='ocrx_word' id='word_1_98' title='bbox 1303 873 1348 908; x_wconf 80' lang='lat' dir='ltr'>Et</span> <span class='ocrx_word' id='word_1_99' title='bbox 1365 886 1428 920; x_wconf 89' lang='lat' dir='ltr'>pro</span> <span class='ocrx_word' id='word_1_100' title='bbox 1443 873 1552 908; x_wconf 86' lang='lat' dir='ltr'>salute</span> <span class='ocrx_word' id='word_1_101' title='bbox 1572 879 1607 908; x_wconf 90' lang='lat' dir='ltr'>et</span> <span class='ocrx_word' id='word_1_102' title='bbox 1624 887 1718 920; x_wconf 89' lang='lat' dir='ltr'>pros-</span> 
     </span>
     <span class='ocr_line' id='line_1_12' title="bbox 261 934 1719 989; baseline -0.005 -13"><span class='ocrx_word' id='word_1_103' title='bbox 261 954 344 989; x_wconf 89' lang='lat' dir='ltr'>pero</span> <span class='ocrx_word' id='word_1_104' title='bbox 372 945 462 975; x_wconf 86' lang='lat' dir='ltr'>statu</span> <span class='ocrx_word' id='word_1_105' title='bbox 493 938 634 973; x_wconf 89' lang='lat' dir='ltr'>Domini</span> <span class='ocrx_word' id='word_1_106' title='bbox 661 936 783 973; x_wconf 88' lang='lat' dir='ltr'>Jacobi</span> <span class='ocrx_word' id='word_1_107' title='bbox 813 935 936 976; x_wconf 81' lang='lat' dir='ltr'>Quinti</span> <span class='ocrx_word' id='word_1_108' title='bbox 966 935 1036 969; x_wconf 87' lang='lat' dir='ltr'>Dei</span> <span class='ocrx_word' id='word_1_109' title='bbox 1067 934 1180 982; x_wconf 85' lang='lat' dir='ltr'>gratia</span> <span class='ocrx_word' id='word_1_110' title='bbox 1210 934 1389 969; x_wconf 84' lang='lat' dir='ltr'>Scotorum</span> <span class='ocrx_word' id='word_1_111' title='bbox 1425 934 1534 980; x_wconf 88' lang='lat' dir='ltr'>Regis</span> <span class='ocrx_word' id='word_1_112' title='bbox 1563 934 1719 969; x_wconf 89' lang='lat' dir='ltr'>moderni</span> 
     </span>
     <span class='ocr_line' id='line_1_13' title="bbox 263 994 1719 1042; baseline -0.005 -6"><span class='ocrx_word' id='word_1_113' title='bbox 263 1000 466 1036; x_wconf 79' lang='lat' dir='ltr'>inclitissimi</span> <span class='ocrx_word' id='word_1_114' title='bbox 493 1005 527 1034; x_wconf 90' lang='lat' dir='ltr'>et</span> <span class='ocrx_word' id='word_1_115' title='bbox 555 1010 691 1033; x_wconf 87' lang='lat' dir='ltr'>suorum</span> <span class='ocrx_word' id='word_1_116' title='bbox 721 1009 957 1031; x_wconf 83' lang='lat' dir='ltr'>successorum</span> <span class='ocrx_word' id='word_1_117' title='bbox 989 995 1042 1030; x_wconf 77' lang='lat' dir='ltr'>Ac</span> <span class='ocrx_word' id='word_1_118' title='bbox 1069 1008 1131 1042; x_wconf 91' lang='lat' dir='ltr'>pro</span> <span class='ocrx_word' id='word_1_119' title='bbox 1150 1001 1266 1029; x_wconf 80' lang='lat' dir='ltr'>vestra</span> <span class='ocrx_word' id='word_1_120' title='bbox 1290 994 1581 1029; x_wconf 85' lang='lat' dir='ltr'>reuerendissima</span> <span class='ocrx_word' id='word_1_121' title='bbox 1607 1001 1719 1042; x_wconf 89' lang='lat' dir='ltr'>pater-</span> 
     </span>
     <span class='ocr_line' id='line_1_14' title="bbox 264 1055 1719 1107; baseline -0.005 -10"><span class='ocrx_word' id='word_1_122' title='bbox 264 1063 370 1097; x_wconf 80' lang='lat' dir='ltr'>nitate</span> <span class='ocrx_word' id='word_1_123' title='bbox 402 1074 441 1096; x_wconf 86' lang='lat' dir='ltr'>ac</span> <span class='ocrx_word' id='word_1_124' title='bbox 469 1058 775 1107; x_wconf 72' lang='lat' dir='ltr'>predecessoribus</span> <span class='ocrx_word' id='word_1_125' title='bbox 809 1064 843 1092; x_wconf 84' lang='lat' dir='ltr'>ct</span> <span class='ocrx_word' id='word_1_126' title='bbox 875 1056 1133 1091; x_wconf 87' lang='lat' dir='ltr'>successoribus</span> <span class='ocrx_word' id='word_1_127' title='bbox 1164 1056 1290 1090; x_wconf 81' lang='lat' dir='ltr'>vestris</span> <span class='ocrx_word' id='word_1_128' title='bbox 1322 1062 1357 1090; x_wconf 89' lang='lat' dir='ltr'>et</span> <span class='ocrx_word' id='word_1_129' title='bbox 1387 1055 1537 1090; x_wconf 91' lang='lat' dir='ltr'>omnium</span> <span class='ocrx_word' id='word_1_130' title='bbox 1567 1055 1719 1090; x_wconf 88' lang='lat' dir='ltr'>fidelium</span> 
     </span>
     <span class='ocr_line' id='line_1_15' title="bbox 263 1116 1720 1156; baseline -0.004 0"><span class='ocrx_word' id='word_1_131' title='bbox 263 1119 623 1156; x_wconf 35' lang='lat' dir='ltr'>defunctorumsalias</span> <span class='ocrx_word' id='word_1_132' title='bbox 654 1125 808 1153; x_wconf 85' lang='lat' dir='ltr'>nostrum</span> <span class='ocrx_word' id='word_1_133' title='bbox 837 1117 975 1152; x_wconf 79' lang='lat' dir='ltr'>dedisse</span> <span class='ocrx_word' id='word_1_134' title='bbox 1007 1129 1213 1152; x_wconf 89' lang='lat' dir='ltr'>consensum</span> <span class='ocrx_word' id='word_1_135' title='bbox 1245 1116 1472 1151; x_wconf 78' lang='lat' dir='ltr'>effectualiter</span> <span class='ocrx_word' id='word_1_136' title='bbox 1503 1116 1615 1151; x_wconf 86' lang='lat' dir='ltr'>animo</span> <span class='ocrx_word' id='word_1_137' title='bbox 1645 1117 1720 1151; x_wconf 84' lang='lat' dir='ltr'>fun-</span> 
     </span>
     <span class='ocr_line' id='line_1_16' title="bbox 263 1177 1721 1226; baseline -0.003 -11"><span class='ocrx_word' id='word_1_138' title='bbox 263 1182 366 1216; x_wconf 87' lang='lat' dir='ltr'>dandi</span> <span class='ocrx_word' id='word_1_139' title='bbox 393 1193 497 1215; x_wconf 88' lang='lat' dir='ltr'>vnum</span> <span class='ocrx_word' id='word_1_140' title='bbox 526 1179 722 1226; x_wconf 80' lang='lat' dir='ltr'>Collegium</span> <span class='ocrx_word' id='word_1_141' title='bbox 755 1179 828 1213; x_wconf 88' lang='lat' dir='ltr'>siuc</span> <span class='ocrx_word' id='word_1_142' title='bbox 858 1178 1087 1224; x_wconf 86' lang='lat' dir='ltr'>Collegiatam</span> <span class='ocrx_word' id='word_1_143' title='bbox 1119 1177 1311 1212; x_wconf 79' lang='lat' dir='ltr'>Ecclesiam</span> <span class='ocrx_word' id='word_1_144' title='bbox 1338 1190 1413 1212; x_wconf 89' lang='lat' dir='ltr'>cum</span> <span class='ocrx_word' id='word_1_145' title='bbox 1440 1177 1659 1224; x_wconf 83' lang='lat' dir='ltr'>prepositura</span> <span class='ocrx_word' id='word_1_146' title='bbox 1686 1184 1721 1212; x_wconf 85' lang='lat' dir='ltr'>et</span> 
     </span>
     <span class='ocr_line' id='line_1_17' title="bbox 263 1237 1720 1287; baseline -0.001 -12"><span class='ocrx_word' id='word_1_147' title='bbox 263 1241 367 1276; x_wconf 77' lang='lat' dir='ltr'>certis</span> <span class='ocrx_word' id='word_1_148' title='bbox 396 1239 635 1287; x_wconf 81' lang='lat' dir='ltr'>prebendariis</span> <span class='ocrx_word' id='word_1_149' title='bbox 663 1246 698 1274; x_wconf 86' lang='lat' dir='ltr'>ct</span> <span class='ocrx_word' id='word_1_150' title='bbox 723 1239 841 1286; x_wconf 80' lang='lat' dir='ltr'>pueris</span> <span class='ocrx_word' id='word_1_151' title='bbox 870 1239 1014 1273; x_wconf 78' lang='lat' dir='ltr'>inferius</span> <span class='ocrx_word' id='word_1_152' title='bbox 1041 1237 1265 1285; x_wconf 87' lang='lat' dir='ltr'>designandis</span> <span class='ocrx_word' id='word_1_153' title='bbox 1281 1248 1287 1274; x_wconf 74' lang='lat' dir='ltr'><em>J</em></span> <span class='ocrx_word' id='word_1_154' title='bbox 1302 1243 1405 1285; x_wconf 91' lang='lat' dir='ltr'>prout</span> <span class='ocrx_word' id='word_1_155' title='bbox 1431 1243 1553 1272; x_wconf 86' lang='lat' dir='ltr'>tenore</span> <span class='ocrx_word' id='word_1_156' title='bbox 1580 1251 1720 1285; x_wconf 89' lang='lat' dir='ltr'>presen-</span> 
     </span>
     <span class='ocr_line' id='line_1_18' title="bbox 262 1298 1720 1346; baseline -0.001 -10"><span class='ocrx_word' id='word_1_157' title='bbox 262 1303 345 1336; x_wconf 89' lang='lat' dir='ltr'>tium</span> <span class='ocrx_word' id='word_1_158' title='bbox 376 1314 439 1335; x_wconf 89' lang='lat' dir='ltr'>nos</span> <span class='ocrx_word' id='word_1_159' title='bbox 470 1301 574 1335; x_wconf 87' lang='lat' dir='ltr'>abbas</span> <span class='ocrx_word' id='word_1_160' title='bbox 606 1306 641 1335; x_wconf 89' lang='lat' dir='ltr'>et</span> <span class='ocrx_word' id='word_1_161' title='bbox 672 1306 864 1334; x_wconf 72' lang='lat' dir='ltr'>conuentus</span> <span class='ocrx_word' id='word_1_162' title='bbox 896 1299 1042 1346; x_wconf 79' lang='lat' dir='ltr'>predicti</span> <span class='ocrx_word' id='word_1_163' title='bbox 1068 1312 1130 1346; x_wconf 88' lang='lat' dir='ltr'>pro</span> <span class='ocrx_word' id='word_1_164' title='bbox 1159 1298 1257 1333; x_wconf 89' lang='lat' dir='ltr'>nobis</span> <span class='ocrx_word' id='word_1_165' title='bbox 1289 1304 1324 1333; x_wconf 86' lang='lat' dir='ltr'>ct</span> <span class='ocrx_word' id='word_1_166' title='bbox 1356 1298 1612 1333; x_wconf 88' lang='lat' dir='ltr'>successoribus</span> <span class='ocrx_word' id='word_1_167' title='bbox 1644 1312 1720 1334; x_wconf 90' lang='lat' dir='ltr'>nos-</span> 
     </span>
     <span class='ocr_line' id='line_1_19' title="bbox 263 1359 1719 1407; baseline -0.001 -11"><span class='ocrx_word' id='word_1_168' title='bbox 263 1361 324 1396; x_wconf 88' lang='lat' dir='ltr'>tris</span> <span class='ocrx_word' id='word_1_169' title='bbox 350 1361 585 1396; x_wconf 88' lang='lat' dir='ltr'>consentimus</span> <span class='ocrx_word' id='word_1_170' title='bbox 603 1372 609 1398; x_wconf 72' lang='lat' dir='ltr'><em>J</em></span> <span class='ocrx_word' id='word_1_171' title='bbox 626 1361 718 1407; x_wconf 90' lang='lat' dir='ltr'>quod</span> <span class='ocrx_word' id='word_1_172' title='bbox 745 1360 835 1395; x_wconf 87' lang='lat' dir='ltr'>dicta</span> <span class='ocrx_word' id='word_1_173' title='bbox 862 1360 988 1394; x_wconf 80' lang='lat' dir='ltr'>vicaria</span> <span class='ocrx_word' id='word_1_174' title='bbox 1014 1365 1184 1407; x_wconf 80' lang='lat' dir='ltr'>perpetua</span> <span class='ocrx_word' id='word_1_175' title='bbox 1210 1359 1432 1406; x_wconf 83' lang='lat' dir='ltr'>parrochialis</span> <span class='ocrx_word' id='word_1_176' title='bbox 1458 1359 1605 1395; x_wconf 86' lang='lat' dir='ltr'>ecclesie</span> <span class='ocrx_word' id='word_1_177' title='bbox 1625 1366 1719 1395; x_wconf 88' lang='lat' dir='ltr'>ante-</span> 
     </span>
     <span class='ocr_line' id='line_1_20' title="bbox 264 1419 1719 1468; baseline -0.001 -12"><span class='ocrx_word' id='word_1_178' title='bbox 264 1422 354 1456; x_wconf 89' lang='lat' dir='ltr'>dicte</span> <span class='ocrx_word' id='word_1_179' title='bbox 385 1422 429 1456; x_wconf 89' lang='lat' dir='ltr'>de</span> <span class='ocrx_word' id='word_1_180' title='bbox 462 1421 574 1468; x_wconf 90' lang='lat' dir='ltr'>Dalry</span> <span class='ocrx_word' id='word_1_181' title='bbox 606 1421 697 1455; x_wconf 89' lang='lat' dir='ltr'>dicte</span> <span class='ocrx_word' id='word_1_182' title='bbox 730 1427 845 1455; x_wconf 83' lang='lat' dir='ltr'>vestre</span> <span class='ocrx_word' id='word_1_183' title='bbox 873 1420 1019 1455; x_wconf 87' lang='lat' dir='ltr'>diocesis</span> <span class='ocrx_word' id='word_1_184' title='bbox 1049 1419 1157 1455; x_wconf 90' lang='lat' dir='ltr'>Cuius</span> <span class='ocrx_word' id='word_1_185' title='bbox 1188 1419 1402 1466; x_wconf 83' lang='lat' dir='ltr'>presentatio</span> <span class='ocrx_word' id='word_1_186' title='bbox 1429 1425 1464 1454; x_wconf 88' lang='lat' dir='ltr'>et</span> <span class='ocrx_word' id='word_1_187' title='bbox 1490 1420 1547 1466; x_wconf 90' lang='lat' dir='ltr'>jus</span> <span class='ocrx_word' id='word_1_188' title='bbox 1579 1433 1719 1467; x_wconf 89' lang='lat' dir='ltr'>presen-</span> 
     </span>
     <span class='ocr_line' id='line_1_21' title="bbox 264 1480 1721 1529; baseline -0.001 -12"><span class='ocrx_word' id='word_1_189' title='bbox 264 1482 357 1517; x_wconf 89' lang='lat' dir='ltr'>tandi</span> <span class='ocrx_word' id='word_1_190' title='bbox 376 1482 537 1529; x_wconf 89' lang='lat' dir='ltr'>quotiens</span> <span class='ocrx_word' id='word_1_191' title='bbox 564 1494 638 1516; x_wconf 89' lang='lat' dir='ltr'>eam</span> <span class='ocrx_word' id='word_1_192' title='bbox 665 1494 788 1516; x_wconf 88' lang='lat' dir='ltr'>vacare</span> <span class='ocrx_word' id='word_1_193' title='bbox 816 1481 1005 1528; x_wconf 79' lang='lat' dir='ltr'>contigerit</span> <span class='ocrx_word' id='word_1_194' title='bbox 1034 1480 1133 1515; x_wconf 89' lang='lat' dir='ltr'>nobis</span> <span class='ocrx_word' id='word_1_195' title='bbox 1160 1480 1273 1514; x_wconf 87' lang='lat' dir='ltr'>abbati</span> <span class='ocrx_word' id='word_1_196' title='bbox 1301 1485 1336 1514; x_wconf 92' lang='lat' dir='ltr'>et</span> <span class='ocrx_word' id='word_1_197' title='bbox 1362 1480 1548 1514; x_wconf 83' lang='lat' dir='ltr'>conuentui</span> <span class='ocrx_word' id='word_1_198' title='bbox 1577 1493 1667 1516; x_wconf 91' lang='lat' dir='ltr'>nunc</span> <span class='ocrx_word' id='word_1_199' title='bbox 1686 1488 1721 1516; x_wconf 89' lang='lat' dir='ltr'>et</span> 
     </span>
     <span class='ocr_line' id='line_1_22' title="bbox 264 1540 1719 1590; baseline -0.001 -13"><span class='ocrx_word' id='word_1_200' title='bbox 264 1556 325 1590; x_wconf 90' lang='lat' dir='ltr'>pro</span> <span class='ocrx_word' id='word_1_201' title='bbox 344 1549 499 1590; x_wconf 87' lang='lat' dir='ltr'>tempore</span> <span class='ocrx_word' id='word_1_202' title='bbox 519 1542 750 1577; x_wconf 82' lang='lat' dir='ltr'>existentibus</span> <span class='ocrx_word' id='word_1_203' title='bbox 771 1542 935 1589; x_wconf 86' lang='lat' dir='ltr'>predictis</span> <span class='ocrx_word' id='word_1_204' title='bbox 953 1541 1132 1589; x_wconf 87' lang='lat' dir='ltr'>pertinere</span> <span class='ocrx_word' id='word_1_205' title='bbox 1152 1547 1187 1575; x_wconf 91' lang='lat' dir='ltr'>et</span> <span class='ocrx_word' id='word_1_206' title='bbox 1203 1547 1359 1587; x_wconf 86' lang='lat' dir='ltr'>spectare</span> <span class='ocrx_word' id='word_1_207' title='bbox 1379 1540 1605 1576; x_wconf 86' lang='lat' dir='ltr'>dinoscuntur</span> <span class='ocrx_word' id='word_1_208' title='bbox 1621 1553 1627 1579; x_wconf 69' lang='lat' dir='ltr'><em>J</em></span> <span class='ocrx_word' id='word_1_209' title='bbox 1643 1555 1719 1576; x_wconf 90' lang='lat' dir='ltr'>cum</span> 
     </span>
     <span class='ocr_line' id='line_1_23' title="bbox 264 1601 1720 1651; baseline -0.001 -13"><span class='ocrx_word' id='word_1_210' title='bbox 264 1617 431 1651; x_wconf 80' lang='lat' dir='ltr'>expresso</span> <span class='ocrx_word' id='word_1_211' title='bbox 462 1615 633 1638; x_wconf 88' lang='lat' dir='ltr'>consensu</span> <span class='ocrx_word' id='word_1_212' title='bbox 661 1609 696 1637; x_wconf 90' lang='lat' dir='ltr'>et</span> <span class='ocrx_word' id='word_1_213' title='bbox 722 1615 865 1637; x_wconf 85' lang='lat' dir='ltr'>assensu</span> <span class='ocrx_word' id='word_1_214' title='bbox 896 1602 978 1637; x_wconf 90' lang='lat' dir='ltr'>dicti</span> <span class='ocrx_word' id='word_1_215' title='bbox 1010 1602 1165 1646; x_wconf 69' lang='lat' dir='ltr'>magistri</span> <span class='ocrx_word' id='word_1_216' title='bbox 1194 1601 1401 1636; x_wconf 88' lang='lat' dir='ltr'>Christofori</span> <span class='ocrx_word' id='word_1_217' title='bbox 1433 1601 1533 1647; x_wconf 89' lang='lat' dir='ltr'>Boyd</span> <span class='ocrx_word' id='word_1_218' title='bbox 1566 1602 1720 1637; x_wconf 88' lang='lat' dir='ltr'>eiusdem</span> 
     </span>
     <span class='ocr_line' id='line_1_24' title="bbox 265 1662 1721 1711; baseline -0.001 -12"><span class='ocrx_word' id='word_1_219' title='bbox 265 1665 411 1700; x_wconf 85' lang='lat' dir='ltr'>ecclesie</span> <span class='ocrx_word' id='word_1_220' title='bbox 431 1663 588 1699; x_wconf 91' lang='lat' dir='ltr'>moderni</span> <span class='ocrx_word' id='word_1_221' title='bbox 606 1663 766 1711; x_wconf 89' lang='lat' dir='ltr'>perpetui</span> <span class='ocrx_word' id='word_1_222' title='bbox 786 1663 904 1698; x_wconf 84' lang='lat' dir='ltr'>vicarii</span> <span class='ocrx_word' id='word_1_223' title='bbox 920 1673 925 1700; x_wconf 73' lang='lat' dir='ltr'><em>s</em></span> <span class='ocrx_word' id='word_1_224' title='bbox 944 1663 977 1697; x_wconf 92' lang='lat' dir='ltr'>in</span> <span class='ocrx_word' id='word_1_225' title='bbox 998 1675 1098 1696; x_wconf 80' lang='lat' dir='ltr'>vnam</span> <span class='ocrx_word' id='word_1_226' title='bbox 1121 1662 1374 1709; x_wconf 83' lang='lat' dir='ltr'>preposituram</span> <span class='ocrx_word' id='word_1_227' title='bbox 1417 1662 1464 1697; x_wconf 87' lang='lat' dir='ltr'>Et</span> <span class='ocrx_word' id='word_1_228' title='bbox 1484 1662 1630 1697; x_wconf 88' lang='lat' dir='ltr'>ecclesia</span> <span class='ocrx_word' id='word_1_229' title='bbox 1647 1663 1721 1710; x_wconf 89' lang='lat' dir='ltr'>ipsa</span> 
     </span>
     <span class='ocr_line' id='line_1_25' title="bbox 265 1723 1721 1772; baseline -0.001 -12"><span class='ocrx_word' id='word_1_230' title='bbox 265 1725 421 1772; x_wconf 87' lang='lat' dir='ltr'>predicta</span> <span class='ocrx_word' id='word_1_231' title='bbox 447 1725 510 1759; x_wconf 85' lang='lat' dir='ltr'>sub</span> <span class='ocrx_word' id='word_1_232' title='bbox 528 1724 696 1759; x_wconf 84' lang='lat' dir='ltr'>vocabulo</span> <span class='ocrx_word' id='word_1_233' title='bbox 724 1724 837 1759; x_wconf 76' lang='lat' dir='ltr'>Marie</span> <span class='ocrx_word' id='word_1_234' title='bbox 857 1723 1016 1770; x_wconf 80' lang='lat' dir='ltr'>Virginis</span> <span class='ocrx_word' id='word_1_235' title='bbox 1035 1730 1070 1757; x_wconf 88' lang='lat' dir='ltr'>et</span> <span class='ocrx_word' id='word_1_236' title='bbox 1092 1723 1195 1757; x_wconf 83' lang='lat' dir='ltr'>Anne</span> <span class='ocrx_word' id='word_1_237' title='bbox 1222 1723 1340 1757; x_wconf 86' lang='lat' dir='ltr'>matris</span> <span class='ocrx_word' id='word_1_238' title='bbox 1368 1723 1553 1758; x_wconf 74' lang='lat' dir='ltr'>Bcatarum</span> <span class='ocrx_word' id='word_1_239' title='bbox 1578 1723 1721 1759; x_wconf 88' lang='lat' dir='ltr'>fundata</span> 
     </span>
     <span class='ocr_line' id='line_1_26' title="bbox 265 1784 1720 1832; baseline 0 -12"><span class='ocrx_word' id='word_1_240' title='bbox 265 1792 463 1820; x_wconf 83' lang='lat' dir='ltr'>constructa</span> <span class='ocrx_word' id='word_1_241' title='bbox 481 1792 517 1820; x_wconf 91' lang='lat' dir='ltr'>et</span> <span class='ocrx_word' id='word_1_242' title='bbox 534 1785 692 1820; x_wconf 86' lang='lat' dir='ltr'>dedicata</span> <span class='ocrx_word' id='word_1_243' title='bbox 707 1796 713 1823; x_wconf 69' lang='lat' dir='ltr'><em>J</em></span> <span class='ocrx_word' id='word_1_244' title='bbox 729 1785 761 1819; x_wconf 91' lang='lat' dir='ltr'>in</span> <span class='ocrx_word' id='word_1_245' title='bbox 784 1784 1012 1832; x_wconf 81' lang='lat' dir='ltr'>Collegiatam</span> <span class='ocrx_word' id='word_1_246' title='bbox 1034 1784 1224 1819; x_wconf 84' lang='lat' dir='ltr'>Ecclesiam</span> <span class='ocrx_word' id='word_1_247' title='bbox 1248 1796 1322 1818; x_wconf 85' lang='lat' dir='ltr'>cum</span> <span class='ocrx_word' id='word_1_248' title='bbox 1345 1784 1476 1819; x_wconf 89' lang='lat' dir='ltr'>honore</span> <span class='ocrx_word' id='word_1_249' title='bbox 1496 1784 1665 1831; x_wconf 85' lang='lat' dir='ltr'>dignitate</span> <span class='ocrx_word' id='word_1_250' title='bbox 1685 1791 1720 1820; x_wconf 90' lang='lat' dir='ltr'>et</span> 
     </span>
     <span class='ocr_line' id='line_1_27' title="bbox 266 1844 1719 1893; baseline -0.001 -12"><span class='ocrx_word' id='word_1_251' title='bbox 266 1846 517 1893; x_wconf 85' lang='lat' dir='ltr'>preeminentia</span> <span class='ocrx_word' id='word_1_252' title='bbox 537 1846 787 1893; x_wconf 86' lang='lat' dir='ltr'>Collegialibus</span> <span class='ocrx_word' id='word_1_253' title='bbox 806 1846 847 1880; x_wconf 85' lang='lat' dir='ltr'>ad</span> <span class='ocrx_word' id='word_1_254' title='bbox 871 1845 979 1879; x_wconf 87' lang='lat' dir='ltr'>diuini</span> <span class='ocrx_word' id='word_1_255' title='bbox 1007 1844 1118 1879; x_wconf 91' lang='lat' dir='ltr'>cultus</span> <span class='ocrx_word' id='word_1_256' title='bbox 1146 1850 1367 1891; x_wconf 86' lang='lat' dir='ltr'>augmentum</span> <span class='ocrx_word' id='word_1_257' title='bbox 1387 1850 1423 1879; x_wconf 92' lang='lat' dir='ltr'>et</span> <span class='ocrx_word' id='word_1_258' title='bbox 1440 1844 1536 1879; x_wconf 91' lang='lat' dir='ltr'>chori</span> <span class='ocrx_word' id='word_1_259' title='bbox 1562 1845 1719 1891; x_wconf 90' lang='lat' dir='ltr'>regimen</span> 
     </span>
     <span class='ocr_line' id='line_1_28' title="bbox 267 1906 1719 1954; baseline 0.001 -14"><span class='ocrx_word' id='word_1_260' title='bbox 267 1907 445 1953; x_wconf 84' lang='lat' dir='ltr'>erigantur</span> <span class='ocrx_word' id='word_1_261' title='bbox 498 1907 545 1941; x_wconf 87' lang='lat' dir='ltr'>Et</span> <span class='ocrx_word' id='word_1_262' title='bbox 570 1906 767 1954; x_wconf 83' lang='lat' dir='ltr'>prepositus</span> <span class='ocrx_word' id='word_1_263' title='bbox 796 1906 869 1953; x_wconf 88' lang='lat' dir='ltr'>ipsc</span> <span class='ocrx_word' id='word_1_264' title='bbox 890 1906 1090 1940; x_wconf 88' lang='lat' dir='ltr'>sublimatus</span> <span class='ocrx_word' id='word_1_265' title='bbox 1118 1918 1209 1940; x_wconf 91' lang='lat' dir='ltr'>nunc</span> <span class='ocrx_word' id='word_1_266' title='bbox 1235 1911 1270 1940; x_wconf 92' lang='lat' dir='ltr'>et</span> <span class='ocrx_word' id='word_1_267' title='bbox 1296 1918 1358 1952; x_wconf 92' lang='lat' dir='ltr'>pro</span> <span class='ocrx_word' id='word_1_268' title='bbox 1385 1911 1542 1953; x_wconf 87' lang='lat' dir='ltr'>tempore</span> <span class='ocrx_word' id='word_1_269' title='bbox 1565 1906 1719 1941; x_wconf 79' lang='lat' dir='ltr'>existens</span> 
     </span>
     <span class='ocr_line' id='line_1_29' title="bbox 267 1966 1719 2014; baseline 0 -13"><span class='ocrx_word' id='word_1_270' title='bbox 267 1980 371 2001; x_wconf 87' lang='lat' dir='ltr'>vnum</span> <span class='ocrx_word' id='word_1_271' title='bbox 386 1968 550 2002; x_wconf 87' lang='lat' dir='ltr'>vicarium</span> <span class='ocrx_word' id='word_1_272' title='bbox 562 1967 819 2014; x_wconf 88' lang='lat' dir='ltr'>pensionarium</span> <span class='ocrx_word' id='word_1_273' title='bbox 835 1967 877 2001; x_wconf 88' lang='lat' dir='ltr'>ad</span> <span class='ocrx_word' id='word_1_274' title='bbox 895 1966 1163 2001; x_wconf 88' lang='lat' dir='ltr'>deseruiendum</span> <span class='ocrx_word' id='word_1_275' title='bbox 1183 1966 1216 2000; x_wconf 93' lang='lat' dir='ltr'>in</span> <span class='ocrx_word' id='word_1_276' title='bbox 1232 1979 1314 2000; x_wconf 90' lang='lat' dir='ltr'>cura</span> <span class='ocrx_word' id='word_1_277' title='bbox 1329 1966 1477 2001; x_wconf 89' lang='lat' dir='ltr'>ecclesie</span> <span class='ocrx_word' id='word_1_278' title='bbox 1495 1967 1719 2013; x_wconf 87' lang='lat' dir='ltr'>parrochialis</span> 
     </span>
     <span class='ocr_line' id='line_1_30' title="bbox 268 2026 1720 2075; baseline 0.001 -14"><span class='ocrx_word' id='word_1_279' title='bbox 268 2028 439 2062; x_wconf 87' lang='lat' dir='ltr'>antedicte</span> <span class='ocrx_word' id='word_1_280' title='bbox 459 2029 502 2063; x_wconf 91' lang='lat' dir='ltr'>de</span> <span class='ocrx_word' id='word_1_281' title='bbox 522 2028 634 2074; x_wconf 91' lang='lat' dir='ltr'>Dalry</span> <span class='ocrx_word' id='word_1_282' title='bbox 652 2028 830 2075; x_wconf 87' lang='lat' dir='ltr'>perpetuis</span> <span class='ocrx_word' id='word_1_283' title='bbox 849 2027 972 2062; x_wconf 84' lang='lat' dir='ltr'>futuris</span> <span class='ocrx_word' id='word_1_284' title='bbox 990 2026 1202 2074; x_wconf 87' lang='lat' dir='ltr'>temporibus</span> <span class='ocrx_word' id='word_1_285' title='bbox 1230 2027 1420 2074; x_wconf 88' lang='lat' dir='ltr'>sumptibus</span> <span class='ocrx_word' id='word_1_286' title='bbox 1439 2027 1509 2061; x_wconf 86' lang='lat' dir='ltr'>suis</span> <span class='ocrx_word' id='word_1_287' title='bbox 1536 2027 1720 2062; x_wconf 87' lang='lat' dir='ltr'>sustinebit</span> 
     </span>
     <span class='ocr_line' id='line_1_31' title="bbox 268 2087 1719 2135; baseline 0.001 -14"><span class='ocrx_word' id='word_1_288' title='bbox 268 2093 369 2133; x_wconf 89' lang='lat' dir='ltr'>prout</span> <span class='ocrx_word' id='word_1_289' title='bbox 386 2088 528 2122; x_wconf 75' lang='lat' dir='ltr'>inferius</span> <span class='ocrx_word' id='word_1_290' title='bbox 546 2088 769 2135; x_wconf 90' lang='lat' dir='ltr'>liquidabitur</span> <span class='ocrx_word' id='word_1_291' title='bbox 815 2087 1037 2135; x_wconf 84' lang='lat' dir='ltr'>Quequidem</span> <span class='ocrx_word' id='word_1_292' title='bbox 1064 2087 1282 2135; x_wconf 86' lang='lat' dir='ltr'>prepositura</span> <span class='ocrx_word' id='word_1_293' title='bbox 1301 2092 1336 2122; x_wconf 90' lang='lat' dir='ltr'>et</span> <span class='ocrx_word' id='word_1_294' title='bbox 1354 2087 1482 2121; x_wconf 87' lang='lat' dir='ltr'>vicaria</span> <span class='ocrx_word' id='word_1_295' title='bbox 1500 2087 1719 2134; x_wconf 86' lang='lat' dir='ltr'>pensionaria</span> 
     </span>
     <span class='ocr_line' id='line_1_32' title="bbox 269 2147 1718 2196; baseline 0.002 -15"><span class='ocrx_word' id='word_1_296' title='bbox 269 2147 434 2194; x_wconf 76' lang='lat' dir='ltr'>erigendo</span> <span class='ocrx_word' id='word_1_297' title='bbox 454 2154 489 2182; x_wconf 92' lang='lat' dir='ltr'>et</span> <span class='ocrx_word' id='word_1_298' title='bbox 507 2149 655 2183; x_wconf 74' lang='lat' dir='ltr'>creanda</span> <span class='ocrx_word' id='word_1_299' title='bbox 675 2149 834 2196; x_wconf 89' lang='lat' dir='ltr'>quotiens</span> <span class='ocrx_word' id='word_1_300' title='bbox 862 2162 920 2184; x_wconf 85' lang='lat' dir='ltr'>eas</span> <span class='ocrx_word' id='word_1_301' title='bbox 948 2148 1047 2183; x_wconf 89' lang='lat' dir='ltr'>simul</span> <span class='ocrx_word' id='word_1_302' title='bbox 1074 2149 1130 2183; x_wconf 88' lang='lat' dir='ltr'>vel</span> <span class='ocrx_word' id='word_1_303' title='bbox 1157 2148 1353 2195; x_wconf 90' lang='lat' dir='ltr'>respectiue</span> <span class='ocrx_word' id='word_1_304' title='bbox 1380 2160 1503 2183; x_wconf 84' lang='lat' dir='ltr'>vacare</span> <span class='ocrx_word' id='word_1_305' title='bbox 1532 2149 1718 2195; x_wconf 87' lang='lat' dir='ltr'>contigerit</span> 
     </span>
     <span class='ocr_line' id='line_1_33' title="bbox 271 2209 1717 2257; baseline 0.001 -16"><span class='ocrx_word' id='word_1_306' title='bbox 271 2220 406 2254; x_wconf 89' lang='lat' dir='ltr'>semper</span> <span class='ocrx_word' id='word_1_307' title='bbox 424 2220 514 2242; x_wconf 87' lang='lat' dir='ltr'>nunc</span> <span class='ocrx_word' id='word_1_308' title='bbox 534 2214 568 2243; x_wconf 92' lang='lat' dir='ltr'>et</span> <span class='ocrx_word' id='word_1_309' title='bbox 586 2209 677 2243; x_wconf 90' lang='lat' dir='ltr'>omni</span> <span class='ocrx_word' id='word_1_310' title='bbox 695 2215 851 2257; x_wconf 90' lang='lat' dir='ltr'>tempore</span> <span class='ocrx_word' id='word_1_311' title='bbox 866 2210 981 2244; x_wconf 89' lang='lat' dir='ltr'>futuro</span> <span class='ocrx_word' id='word_1_312' title='bbox 1000 2209 1041 2244; x_wconf 88' lang='lat' dir='ltr'>ad</span> <span class='ocrx_word' id='word_1_313' title='bbox 1060 2209 1354 2256; x_wconf 87' lang='lat' dir='ltr'>presentationem</span> <span class='ocrx_word' id='word_1_314' title='bbox 1373 2215 1568 2243; x_wconf 89' lang='lat' dir='ltr'>nostrorum</span> <span class='ocrx_word' id='word_1_315' title='bbox 1586 2209 1717 2243; x_wconf 87' lang='lat' dir='ltr'>abbatis</span> 
     </span>
     <span class='ocr_line' id='line_1_34' title="bbox 271 2268 1717 2317; baseline 0.001 -16"><span class='ocrx_word' id='word_1_316' title='bbox 271 2275 306 2302; x_wconf 88' lang='lat' dir='ltr'>et</span> <span class='ocrx_word' id='word_1_317' title='bbox 332 2274 523 2302; x_wconf 87' lang='lat' dir='ltr'>conuentus</span> <span class='ocrx_word' id='word_1_318' title='bbox 551 2268 756 2304; x_wconf 81' lang='lat' dir='ltr'>Monasterii</span> <span class='ocrx_word' id='word_1_319' title='bbox 783 2271 826 2304; x_wconf 90' lang='lat' dir='ltr'>de</span> <span class='ocrx_word' id='word_1_320' title='bbox 861 2270 1098 2317; x_wconf 88' lang='lat' dir='ltr'>Kilwynnyng</span> <span class='ocrx_word' id='word_1_321' title='bbox 1124 2269 1289 2304; x_wconf 88' lang='lat' dir='ltr'>antedicti</span> <span class='ocrx_word' id='word_1_322' title='bbox 1316 2275 1352 2304; x_wconf 90' lang='lat' dir='ltr'>et</span> <span class='ocrx_word' id='word_1_323' title='bbox 1378 2281 1614 2304; x_wconf 86' lang='lat' dir='ltr'>successorum</span> <span class='ocrx_word' id='word_1_324' title='bbox 1641 2281 1717 2303; x_wconf 86' lang='lat' dir='ltr'>nos-</span> 
     </span>
    </p>
   </div>
  </div>
 </body>
</html>
