1922 2764
862 225 929 260 TA
938 226 1089 261 BULA.
1625 229 1705 263 xciii

267 366 293 393 6.
315 366 402 394 Carta
418 365 538 393 Roberti
560 365 684 402 episcopi
700 365 885 402 Glasguensis
899 364 934 393 (le
956 365 1034 393 fonte
1049 365 1098 402 qui
1114 364 1220 393 dicitur
1236 365 1378 392 Meduwel
1400 365 1430 392 in
1445 365 1570 394 Deuside

363 427 547 456 conducendo
559 427 588 455 in
600 427 723 456 claustro
737 427 872 455 Fratrum
887 441 892 446 ·
909 427 959 463 (17
972 427 1096 464 Augusti
1110 427 1190 455 1304,
1204 437 1237 455 ex
1248 432 1425 464 transsumpto
1436 428 1464 455 in
1473 428 1574 455 archiv.

369 492 444 519 Um'v.
462 491 551 527 Glasy.
572 490 636 519 vide
651 490 728 518 infra
741 500 767 518 n.
783 490 822 526 7.)
881 512 887 518 .
967 512 973 518 .
1052 511 1059 517 .
1139 511 1145 516 .
1223 509 1230 516 .
1311 511 1316 516 .
1396 509 1402 515 .
1479 511 1485 517 .
1565 512 1569 517 .
1654 491 1704 519 151

266 554 291 583 7.
315 553 505 582 Confirmacio
516 553 644 581 eiusdem
655 562 706 591 per
717 553 875 590 capitulum
887 552 1066 590 Glasgueuse
1082 567 1087 572 ·
1103 552 1155 589 (24
1170 551 1294 588 Augusti
1310 551 1391 579 1304.
1405 561 1438 579 ex
1446 556 1532 588 autogy.
1543 553 1571 579 in

361 616 462 644 archiv.
481 616 556 644 Univ.
575 616 679 653 Glasq.)
710 637 715 644 .
794 635 800 643 .
879 637 884 643 .
964 636 970 642 .
1051 636 1058 642 .
1138 635 1144 641 .
1224 635 1230 641 .
1311 634 1317 640 .
1397 636 1402 641 .
1481 636 1486 641 .
1567 635 1573 641 .
1654 615 1705 641 151

267 679 291 707 8.
315 679 555 715 Transsumptum
569 678 697 715 precepti
714 677 803 714 Regis
820 677 977 706 Alexandri
1000 686 1050 714 per
1072 677 1213 705 decanum
1228 680 1257 704 et
1278 675 1437 713 capitulum
1451 675 1570 704 ecclesie

362 740 548 777 Glasguensis
571 741 700 768 factum·
716 740 765 777 (21
783 740 914 768 Octobris
939 740 1020 768 1304.
1048 749 1081 767 ex·
1100 745 1190 777 aucoy.
1213 740 1242 767 in
1262 738 1359 767 archiv.
1382 739 1460 766 Univ.
1485 738 1574 775 Glasq.

361 802 426 831 vide
441 812 527 840 supra
540 812 566 830 n.
582 802 626 839 3.)
713 825 717 830 .
798 824 804 830 .
883 824 888 830 .
967 824 973 830 .
1052 824 1057 830 .
1136 824 1141 829 .
1221 824 1226 829 .
1306 822 1312 828 .
1392 822 1398 828 .
1477 823 1482 828 .
1563 822 1569 828 .
1652 801 1705 829 152

265 866 289 894 9.
312 865 399 894 Carta
414 865 588 903 Guyllascop
603 865 821 893 Manlauchlane
836 864 870 893 de
885 865 1075 902 quadraginta
1090 864 1188 893 solidis
1202 865 1237 893 de
1254 864 1388 902 Kylbryd
1402 864 1484 892 iuxta
1499 864 1569 892 Cas-

358 927 512 956 tellachlen
527 927 556 955 in
573 927 701 965 Ergadia
716 943 720 947 -
736 927 788 964 (15
802 927 972 956 Novembris
989 927 1070 956 1314.
1092 937 1125 955 ez·
1139 928 1325 965 transsumptis
1338 928 1367 954 in
1377 926 1475 955 archiv.
1495 927 1571 954 Univ.

365 992 454 1029 G'Iasy.
474 991 539 1020 vide
554 991 630 1020 infra
643 1001 690 1019 nn.
707 991 751 1024 13,
766 991 827 1026 33.)
879 1011 886 1018 .
964 1013 969 1019 .
1049 1011 1055 1017 .
1140 1013 1146 1018 .
1220 1012 1226 1017 .
1307 1013 1312 1017 .
1392 1012 1397 1017 .
1477 1012 1482 1017 .
1564 1011 1569 1016 .
1653 990 1706 1017 152

248 1055 290 1083 10.
312 1054 399 1083 Carta
415 1053 504 1091 Regis
521 1054 640 1082 Roberti
655 1054 689 1082 de
703 1054 806 1090 viginti
821 1053 926 1082 marcis
941 1055 975 1082 de
989 1054 1078 1082 firmis
1092 1054 1127 1082 de
1143 1054 1257 1083 Cadiow
1272 1069 1277 1073 ·
1292 1053 1343 1091 (28
1361 1053 1468 1090 Aprilis
1486 1053 1565 1081 1315.

359 1127 391 1145 etc
405 1121 493 1154 autoq.
509 1117 538 1144 in
551 1116 650 1144 archiv.
672 1117 745 1144 Univ.
764 1116 867 1154 G'Iasy.)
956 1138 963 1145 .
1042 1137 1048 1143 .
1128 1138 1134 1144 .
1216 1138 1222 1144 .
1303 1136 1309 1142 .
1389 1138 1394 1143 .
1473 1137 1479 1143 .
1563 1137 1568 1142 .
1652 1115 1705 1143 153

247 1181 288 1208 11.
312 1180 483 1217 Preceptum
497 1179 654 1208 camerario
672 1179 771 1208 Scocie
786 1189 836 1217 pro
850 1179 958 1207 eisdem
972 1179 1075 1216 viginti
1094 1179 1198 1207 marcis
1214 1186 1220 1192 ’
1236 1179 1289 1215 (30
1306 1178 1415 1216 Aprilis
1434 1178 1514 1206 1315.
1534 1188 1568 1205 ea·

358 1249 448 1281 azctoy.
463 1244 493 1271 ‘in
507 1242 607 1271 archiv.
629 1243 704 1271 Univ.
722 1243 824 1280 Glasgs.)
878 1265 884 1270 .
964 1264 969 1269 .
1051 1264 1057 1270 .
1136 1264 1141 1270 .
1221 1264 1226 1269 .
1306 1264 1312 1269 .
1392 1263 1397 1268 .
1478 1263 1482 1268 .
1562 1262 1567 1267 .
1650 1240 1706 1267 154

247 1307 289 1334 12.
312 1305 401 1334 Aliud
424 1309 591 1343 preceptum
612 1304 726 1334 balliuis
751 1305 786 1333 de
811 1305 933 1342 Cadyow
948 1312 953 1317 ·
970 1306 1024 1342 (30
1045 1304 1152 1342 Aprilis
1170 1305 1249 1333 1315.
1271 1314 1304 1332 cos
1318 1309 1404 1341 azccoy.
1418 1305 1448 1331 in
1470 1303 1568 1330 archiv.

369 1370 443 1397 Univ.
461 1369 568 1406 Glasy.)
626 1388 633 1395 .
711 1390 717 1396 .
796 1390 801 1396 .
881 1389 887 1396 .
967 1390 972 1395 .
1051 1390 1056 1395 .
1136 1389 1142 1394 .
1222 1389 1228 1395 .
1309 1389 1315 1394 .
1396 1389 1401 1394 .
1481 1388 1486 1393 .
1564 1387 1570 1393 .
1651 1365 1705 1393 154

248 1432 290 1459 13.
315 1431 447 1459 Vidimus
468 1435 545 1459 carte
567 1431 701 1469 Gilaspec
725 1430 927 1459 Maelouchlau
949 1440 1000 1468 per
1024 1430 1144 1459 balliuos
1168 1435 1333 1467 ceterosque
1357 1430 1512 1466 burgenses
1533 1428 1568 1456 (le

359 1494 566 1523 communitate
591 1494 720 1522 ciuitatis
746 1494 930 1531 Glasguensis
946 1506 950 1511 ·
966 1494 998 1531 (6
1028 1493 1179 1522 Februarii
1213 1493 1332 1521 1322-3.
1366 1502 1399 1520 em
1425 1497 1516 1529 autoy.
1542 1492 1570 1519 in

358 1557 457 1585 archiv.
481 1557 555 1585 Univ.
574 1556 678 1593 Glasq.)
706 1578 712 1584 .
792 1579 797 1584 .
876 1578 882 1584 .
962 1579 967 1585 .
1048 1578 1054 1583 .
1134 1578 1140 1584 .
1219 1578 1224 1584 .
1305 1576 1310 1582 .
1390 1576 1396 1582 .
1476 1577 1481 1582 .
1561 1575 1567 1581 .
1651 1554 1703 1581 155

246 1621 289 1648 14.
311 1620 396 1649 Carta
411 1620 429 1648 J
431 1619 549 1648 ohannis
564 1619 599 1648 de
611 1619 712 1648 Govan
727 1619 761 1647 de
776 1623 885 1656 septem
899 1619 969 1657 rigis
981 1619 1011 1647 iu
1024 1619 1221 1647 Brwmmelaw
1233 1624 1285 1647 etc.
1297 1632 1302 1637 ⁴
1320 1619 1406 1655 (forte
1419 1617 1497 1646 circa
1509 1627 1533 1645 A.
1546 1625 1570 1644 D.

362 1683 443 1711 1325.
463 1692 496 1710 ex
509 1688 599 1720 autogy.
615 1684 645 1710 in
658 1682 756 1710 archiv.
778 1683 854 1710 [suiv.
875 1682 980 1719 Glasfs.)
1049 1704 1055 1709 .
1134 1704 1139 1709 .
1219 1703 1224 1708 .
1306 1701 1312 1707 .
1391 1700 1397 1706 .
1478 1699 1485 1705 .
1564 1698 1570 1705 .
1651 1677 1704 1705 155

246 1747 289 1776 15.
313 1747 400 1776 Carta
416 1747 502 1775 Alani
517 1747 552 1776 de
569 1747 708 1776 Cathkert
722 1746 830 1775 domini
846 1747 974 1775 eiusdem
988 1755 1039 1784 pro
1052 1745 1156 1783 viginti
1178 1745 1276 1773 solidis
1291 1744 1325 1773 de
1341 1744 1429 1772 firmis
1444 1743 1478 1771 de
1497 1744 1569 1779 Bog-

365 1814 451 1838 toune
466 1810 547 1838 iuxta
566 1810 707 1838 Cathkert
722 1820 727 1825 ·
742 1810 793 1846 (14
817 1809 941 1846 Augusti
958 1809 1040 1837 1336.
1070 1819 1104 1836 σεε
1126 1813 1305 1845 transsumpto
1323 1808 1352 1835 in
1372 1807 1472 1835 archiv.
1496 1807 1572 1834 Um'v.

365 1873 457 1911 Glasy.
477 1873 541 1901 vide
557 1873 633 1902 infra.
646 1883 673 1901 n.
687 1873 748 1909 27.)
790 1895 796 1900 .
877 1893 883 1899 .
963 1895 968 1899 .
1048 1892 1053 1898 .
1134 1893 1140 1898 .
1220 1894 1225 1899 .
1305 1893 1310 1898 .
1390 1892 1395 1897 .
1477 1891 1482 1896 .
1562 1890 1568 1896 .
1652 1867 1704 1895 158

247 1937 288 1965 16.
311 1936 483 1974 Preceptum
504 1936 565 1965 siue
586 1937 725 1974 protectio
744 1936 833 1973 Regis
858 1935 953 1964 Dauid
974 1945 1025 1973 pro
1048 1935 1198 1964 Fratribus
1213 1950 1218 1955 ·
1234 1935 1284 1969 (14
1301 1934 1408 1971 Aprilis
1425 1933 1507 1962 1357.
1527 1932 1570 1960 vel

351 2000 426 2036 forte
443 1999 478 2026 14
490 1998 599 2037 Aprilis
613 1999 694 2027 1358.
716 2008 749 2026 ea·
761 2003 849 2035 autoq.
864 1999 894 2026 in
907 1998 1006 2026 archiv.
1028 1998 1105 2026 Univ.
1124 1997 1229 2034 Glasy.)
1307 2018 1313 2024 .
1391 2018 1397 2024 .
1476 2018 1481 2022 .
1561 2015 1567 2021 .
1649 1994 1702 2022 159

247 2061 289 2090 17.
312 2061 401 2090 Aliud
415 2066 582 2100 preceptum
605 2061 694 2099 Regis
710 2061 805 2089 Dauid
819 2070 870 2098 pro
883 2060 1058 2099 protectione
1076 2060 1213 2088 Fratrum
1228 2074 1233 2079 ·
1250 2059 1301 2096 (10
1312 2058 1420 2097 Aprilis
1435 2058 1517 2087 1362.
1538 2067 1571 2086 ecc

358 2130 448 2162 autoy.
461 2126 491 2153 in
504 2125 605 2153 archiv.
628 2126 703 2153 bnis.
724 2124 831 2162 Glasy.)
871 2145 877 2152 .
956 2144 961 2150 .
1041 2144 1048 2150 .
1128 2146 1134 2151 .
1216 2145 1222 2150 .
1304 2143 1310 2149 .
1389 2142 1396 2149 .
1475 2141 1482 2147 .
1561 2143 1567 2148 .
1650 2120 1704 2149 160

247 2186 290 2213 18.
311 2186 501 2215 Confirmacio
518 2187 608 2224 Regis
625 2187 745 2215 Roberti
767 2204 772 2209 -
794 2196 815 2214 11
838 2204 842 2208 -
863 2187 898 2214 de
910 2186 1012 2223 viginti
1026 2186 1131 2214 marcis
1146 2186 1181 2214 de
1197 2185 1320 2223 Cadyow
1336 2185 1384 2222 ·(6
1402 2184 1474 2213 Maii
1493 2184 1574 2214 1371.

359 2259 393 2277 ecc
406 2254 494 2287 autoq.
509 2251 538 2277 in
551 2249 650 2277 archiv.
674 2250 750 2278 Univ.
769 2249 876 2286 Glasy.)
956 2269 962 2275 .
1041 2271 1046 2276 .
1126 2269 1133 2275 .
1214 2270 1221 2276 .
1301 2270 1307 2276 .
1388 2270 1393 2275 .
1473 2268 1480 2274 .
1560 2269 1565 2274 .
1649 2246 1703 2274 160
