1922 2764
205 290 245 319 lO
530 281 685 316 LIBER.
713 279 960 315 ECCLESIE
989 277 1330 314 COLLEGIATE

199 381 351 416 tantibus
380 381 435 415 Ac
461 386 534 415 toto
561 391 679 414 manso
698 385 733 413 et
751 378 928 412 mansione
955 382 991 411 et
1016 376 1120 422 gleba
1145 374 1382 409 adiacentibus
1400 373 1492 408 dicte
1511 373 1657 408 ecclesie

199 448 316 489 preter
336 441 605 488 assignationem
624 439 747 474 factam
766 438 893 473 vicario
920 436 1140 484 pensionario
1157 447 1161 466 r
1176 436 1224 469 ita
1249 435 1358 469 libere
1384 434 1420 468 in
1447 434 1604 469 omnibus
1624 441 1658 469 et

199 515 262 550 per
288 502 401 536 omnia
425 502 512 536 sicut
530 513 678 547 vnquam
705 506 807 534 antea
833 499 924 533 dicta
951 497 1077 532 vicaria
1101 509 1177 531 cum
1204 508 1265 530 sua
1290 495 1467 530 mansione
1495 501 1529 530 et
1555 496 1658 542 gleba

198 563 388 598 habebatur
443 561 514 603 Qui
533 562 635 596 etiam
657 560 858 608 Prepositus
877 558 990 593 omnia
1011 570 1117 592 onera
1141 556 1313 590 ordinaria
1332 562 1367 590 et
1385 556 1659 591 extraordinaria

198 624 290 658 dicte
309 623 456 658 ecclesie
476 628 511 657 et
529 622 619 656 illius
638 621 765 656 vicarie
786 618 1019 654 incumbentia
1037 617 1138 652 solita
1155 623 1190 652 et
1208 622 1394 653 consuetas
1410 629 1477 663 que
1495 617 1657 664 tempori-

199 685 262 719 bus
280 683 457 731 preteritis
475 683 548 730 ipse
576 688 634 717 aut
660 682 712 716 sui
739 690 977 716 antecessores
1005 678 1186 713 soluerunt
1212 683 1247 712 et
1274 678 1410 712 soluere
1438 678 1481 712 de
1504 678 1582 724 jure
1602 678 1658 713 vel

199 744 450 779 consuetudine
465 748 723 778 consueuerant
738 756 742 778 f
759 741 872 776 soluet
887 746 922 775 et
936 739 1122 774 satisfaciet
1173 738 1219 772 Et
1234 738 1335 773 etiam
1351 738 1441 773 idem
1458 739 1658 786 Prepositus

198 806 340 840 habebit
361 805 525 840 vicarium
555 803 812 851 pensionarium
843 801 901 848 qui
936 800 1114 848 perpetuis
1145 799 1268 834 futuris
1299 800 1511 846 temporibus
1542 813 1657 835 curam

199 866 387 901 animarum
413 865 562 900 omnium
593 863 895 911 parrochianorum
928 861 1019 896 dicte
1050 860 1273 908 parrochialis
1300 861 1447 896 ecclesie
1474 861 1517 896 de
1545 861 1658 908 Dalry

199 934 301 974 geret
316 937 321 963 s
337 927 379 961 ad
397 925 691 974 presentationem
711 930 746 958 et
764 924 982 958 collationem
1004 922 1253 969 suprascriptas
1280 927 1494 968 spectantem
1521 927 1556 957 et
1582 935 1657 969 per-

200 989 369 1023 tinentem
385 1001 390 1025 s
407 987 460 1022 cui
485 987 630 1033 singulis
657 985 755 1020 annis
782 984 959 1032 persoluet
977 983 1097 1018 decem
1118 983 1221 1017 libras
1240 983 1367 1017 vsualis
1393 988 1532 1018 monete
1558 983 1660 1030 regni

203 1048 323 1083 Scocie
360 1048 431 1089 Qui
446 1048 547 1082 etiam
564 1046 711 1081 vicarius
726 1045 965 1092 pensionarius
980 1044 1122 1078 habebit
1136 1056 1197 1078 sex
1210 1056 1306 1078 acras
1318 1049 1411 1078 terre
1427 1044 1660 1079 ecclesiastice

200 1109 416 1155 pertinentes
442 1108 569 1143 vicarie
597 1113 766 1154 perpetue
794 1106 885 1140 dicte
917 1105 1064 1140 ecclesie
1092 1105 1136 1139 de
1168 1104 1281 1151 Dalry
1304 1105 1373 1151 jam
1399 1117 1508 1152 prope
1535 1105 1660 1140 dictam

201 1169 381 1203 ecclesiam
408 1181 469 1215 pro
488 1181 606 1202 manso
625 1174 660 1202 et
678 1173 754 1202 orto
774 1179 834 1201 suo
854 1166 1046 1201 edificando
1073 1165 1121 1200 Et
1138 1165 1301 1200 continue
1320 1165 1513 1201 remanebit
1530 1166 1564 1200 in
1583 1179 1660 1213 pro—

200 1229 274 1275 pria
300 1241 449 1276 persona
466 1228 556 1275 apud
575 1228 700 1262 dictam
728 1227 909 1262 ecclesiam
936 1226 1185 1273 parrochialem
1204 1226 1247 1261 de
1267 1226 1380 1273 Dalry
1399 1233 1434 1262 et
1451 1226 1486 1261 in
1506 1227 1658 1262 eiusdem

201 1302 282 1324 cura
300 1289 462 1324 continue
482 1289 659 1324 deseruiet
677 1295 714 1323 ut
733 1300 836 1335 supra
852 1296 859 1323 l

201 1404 678 1448 REUERENDISSIMO
696 1411 731 1445 in
752 1411 892 1446 Christo
911 1411 999 1457 patri
1019 1417 1054 1445 et
1072 1411 1209 1445 domino
1229 1410 1382 1446 Domino
1404 1411 1543 1446 Gauino
1562 1411 1660 1446 mise-

199 1473 333 1508 ratione
360 1472 477 1507 diuina
505 1472 781 1519 Archiepiscopo
811 1471 1025 1518 Glasguensi
1041 1482 1047 1507 f
1063 1484 1124 1506 seu
1152 1471 1344 1518 cuicunque
1370 1472 1470 1506 alteri
1492 1472 1534 1506 ad
1558 1472 1660 1507 infra—

202 1535 328 1582 scripta
354 1540 560 1581 potestatem
585 1533 725 1568 habenti
741 1544 747 1570 ,τ
764 1533 894 1568 Vestre
913 1532 1204 1568 reuerendissime
1226 1533 1442 1579 paternitatis
1460 1533 1606 1568 humiles
1626 1540 1661 1568 et

201 1596 319 1631 deuoti
332 1595 393 1630 filii
410 1595 614 1630 Alexander
628 1594 855 1641 permissione
871 1593 989 1628 diuina
1005 1593 1109 1628 abbas
1127 1592 1335 1628 Monasterii
1349 1593 1392 1628 de
1410 1593 1661 1641 Kylwynnyng

202 1663 237 1691 et
255 1656 410 1691 eiusdem
429 1662 622 1691 conuentus
641 1655 772 1690 ordinis
793 1655 909 1690 Sancti
931 1654 1114 1689 Benedicti
1131 1660 1247 1688 vestre
1266 1653 1498 1701 Glasguensis
1513 1654 1660 1689 diocesis

202 1716 434 1752 Reuerentias
446 1729 522 1751 cum
536 1716 667 1750 honore
679 1721 774 1750 tanto
789 1715 1080 1750 reuerendissinio
1091 1715 1180 1762 patri
1193 1715 1326 1750 debitas
1353 1715 1659 1750 Renerendissime

201 1783 299 1824 pater
318 1783 355 1812 vt
373 1777 597 1812 ecclesiarum
616 1776 766 1811 omnium
792 1789 854 1823 per
873 1776 1047 1811 ciuitatem
1072 1782 1107 1810 et
1125 1776 1288 1810 diocesim
1307 1781 1441 1810 vestras
1462 1776 1659 1823 Glasguen-

201 1850 256 1872 ses
272 1838 535 1873 consistentium
551 1843 586 1873 et
600 1838 642 1872 ad
661 1837 796 1872 illarum
811 1837 973 1871 decorem
987 1849 1026 1871 ac
1044 1849 1269 1883 personarum
1284 1842 1392 1871 status
1406 1837 1491 1871 inibi
1506 1837 1660 1872 diuinum

200 1899 420 1945 psallentium
438 1899 584 1933 officium
603 1898 787 1933 salubriter
805 1898 908 1945 dirigi
927 1897 1127 1944 seruarique
1147 1897 1306 1932 decentia
1329 1897 1463 1944 possint
1480 1897 1659 1932 honestius

201 1959 243 1993 ad
262 1959 450 1994 tenendum
470 1965 594 1994 statum
613 1971 709 1993 suum
737 1959 887 1994 habeant
904 1958 1061 1993 redditus
1088 1958 1198 1993 nostri
1221 1958 1371 1993 libenter
1388 1958 1517 1993 fauoris
1535 1958 1659 2005 imper-

200 2019 303 2053 timur
317 2020 505 2066 presidium
522 2028 530 2056 l
545 2020 723 2067 potissime
738 2033 814 2054 eum
829 2026 1022 2067 temporum
1039 2019 1186 2066 requirit
1201 2020 1388 2054 necessitas
1404 2032 1505 2054 cause
1519 2032 1659 2067 persua-

201 2079 286 2113 dent
302 2079 524 2114 rationabiles
542 2087 578 2115 et
595 2080 703 2115 diuini
722 2080 833 2115 cultus
852 2086 1074 2127 augmentum
1093 2080 1277 2115 salubriter
1294 2080 1329 2114 id
1349 2080 1506 2127 exposcit
1553 2080 1658 2114 Exhi-

202 2139 273 2173 bita
290 2139 457 2185 siquidem
476 2141 573 2174 nobis
592 2154 703 2188 nuper
729 2154 791 2188 per
814 2141 1048 2176 venerabilem
1068 2147 1103 2176 et
1121 2141 1303 2188 egregium
1320 2141 1431 2175 virum
1458 2140 1658 2187 magistrum

201 2199 369 2234 Jacobum
391 2200 573 2235 Houstone
592 2201 683 2236 dicte
703 2207 820 2236 vestre
848 2201 994 2237 ecclesie
1018 2201 1249 2248 Glasguensis
1276 2202 1510 2237 subdecanum
1536 2201 1658 2248 petitio

202 2261 402 2295 continebat
417 2271 423 2297 J
438 2262 529 2308 quod
548 2262 621 2308 ipse
639 2263 696 2309 pie
711 2263 906 2298 deuotionis
926 2263 1001 2298 zelo
1019 2269 1131 2298 motus
1145 2263 1287 2310 cupiens
1306 2269 1445 2298 terrena
1463 2263 1497 2297 in
1517 2262 1658 2297 celestia

203 2328 410 2356 commutare
438 2334 477 2356 ac
501 2322 653 2357 diuinum
674 2323 802 2358 cultum
829 2324 863 2358 in
891 2323 982 2358 dicta
1000 2330 1117 2358 vestra
1143 2324 1282 2359 ciuitate
1310 2337 1440 2372 augere
1459 2324 1502 2358 de
1521 2323 1620 2358 bonis
1639 2336 1658 2357 a
