1922 2764
202 287 268 318 140
525 283 680 318 LIBER
706 283 954 320 ECCLESIE
983 281 1322 318 COLLEGIATE

196 380 230 413 in
258 379 412 414 fauorem
438 380 747 426 prebendariorum
774 380 868 415 chori
895 379 1055 415 Ecclesie
1083 378 1277 425 Collegiate
1305 377 1414 413 Beate
1442 378 1555 413 Marie
1576 378 1655 413 Vir-

197 440 288 487 ginis
305 440 434 487 lvulgo
451 449 460 477 l
476 440 554 476 The
574 440 663 476 New
684 441 772 475 Kirk
788 450 797 477 l
814 441 861 475 Et
886 440 951 474 hoc
977 440 1010 474 in
1032 439 1245 474 excambium
1272 451 1335 486 pro
1357 439 1503 486 quodam
1529 439 1656 474 horreo

193 501 332 547 jacente
351 501 439 536 infra
457 501 668 536 territorium
688 501 770 536 dicti
796 500 898 546 burgi
917 500 951 534 in
970 500 1025 534 via
1043 512 1109 546 qua
1127 499 1195 533 itur
1214 512 1232 533 a
1254 499 1357 534 Porta
1376 499 1596 534 Occidentali
1614 500 1656 534 ad

199 561 375 608 Capellam
397 561 522 596 Sancte
541 561 674 596 Tenew
690 570 699 598 l
716 561 806 596 inter
820 566 931 595 terras
949 560 1114 594 Willelmi
1136 560 1255 606 Roger
1271 573 1315 594 ex
1332 566 1430 607 parte
1447 560 1606 595 orientali
1621 567 1657 595 et

197 627 307 656 terras
327 621 465 657 Patricii
485 622 603 656 Millar
618 634 660 656 ex
679 628 777 668 parte
793 620 997 656 occidentali
1014 629 1024 657 l
1043 627 1153 655 terras
1168 620 1211 655 de
1233 620 1423 667 Langcroft
1437 633 1481 656 ex
1499 621 1630 656 boreali
1645 629 1654 657 s

197 687 233 716 et
250 694 464 717 communem
484 682 571 716 viam
591 681 738 728 Regiam
763 693 808 716 ex
832 680 973 715 australi
1000 680 1153 727 partibus
1171 689 1179 717 l
1196 680 1258 715 sibi
1287 681 1405 715 Dauid
1431 694 1494 728 per
1512 694 1656 716 venera-

196 742 299 777 bilem
319 743 429 777 virum
447 743 647 789 magistrum
666 742 834 778 Jacobum
855 741 1063 776 Houstoune
1084 741 1317 776 subdecanum
1339 742 1598 788 Glasguensem
1617 755 1656 777 ac

198 802 352 837 eiusdem
378 803 461 838 sede
480 808 623 837 vacante
643 802 807 836 vicarium
833 802 1035 848 generalem
1052 810 1060 838 l
1077 801 1159 836 alias
1178 814 1343 837 concesso
1366 823 1371 829 ·
1397 802 1477 843 Qua
1501 803 1655 850 resigna-

197 863 291 898 tione
319 863 367 898 sic
383 863 473 898 facta
500 863 589 898 idem
616 863 764 897 balliuus
792 868 916 897 statum
942 869 978 897 et
1004 862 1162 897 saisinam
1190 862 1418 898 hereditarios
1443 863 1525 897 dicti
1552 863 1656 898 annui

195 924 353 959 redditus
381 923 569 958 venerabili
597 923 670 957 viro
699 923 836 957 domino
858 923 1010 958 Johanni
1039 922 1275 958 Hammiltone
1292 931 1301 959 Ι
1316 923 1531 970 procuratori
1550 923 1656 958 dicto-

196 997 271 1019 rum
298 984 607 1031 prebendariorum
634 983 792 1018 Ecclesie
822 982 1018 1029 Collegiate
1051 983 1160 1018 Beate
1192 983 1305 1018 Marie
1334 983 1493 1029 Virginis
1523 984 1656 1031 prefate

194 1045 425 1091 personaliter
443 1044 569 1079 ibidem
596 1044 751 1091 presenti
771 1049 806 1078 et
824 1043 1017 1090 acceptanti
1034 1052 1042 1080 l
1060 1056 1121 1091 per
1139 1043 1425 1078 deliberationem
1450 1044 1495 1079 lie
1515 1044 1600 1091 hesp
1621 1051 1656 1079 et

197 1105 311 1152 stapill
329 1105 673 1141 deliberauitlsaluo
697 1104 775 1151 jure
803 1104 989 1139 cuiuslibet
1010 1125 1016 1131 ·
1041 1104 1267 1139 Presentibus
1294 1104 1421 1139 ibidem
1449 1104 1657 1140 honorabili-

196 1166 260 1199 bus
286 1165 369 1199 viris
396 1166 534 1200 domino
563 1165 777 1200 Archibaldo
801 1165 958 1200 &Vllsone
988 1165 1109 1200 Leone
1135 1164 1326 1212 Lyndesay
1352 1172 1388 1200 et
1412 1165 1544 1201 Jacobo
1572 1166 1655 1200 Dal-

196 1226 303 1272 gleiss
322 1225 483 1260 seriando
502 1226 593 1260 dicte
614 1226 762 1260 ciuitatis

293 1346 361 1381 ET
380 1359 446 1394 ego
464 1359 548 1381 vero
569 1347 754 1382 Villelmus
783 1347 916 1393 Hegait
943 1346 1089 1381 clericus
1111 1347 1343 1394 Glasguensis
1367 1347 1514 1383 diocesis
1541 1354 1655 1382 aucto-

293 1407 395 1442 ritate
414 1420 510 1442 sacra
530 1407 735 1454 Apostolica
752 1407 906 1442 notarius
924 1407 1082 1454 publicus
1135 1408 1227 1449 Quia
1249 1406 1344 1454 [etan]

783 1504 968 1539 Villelmus
991 1504 1123 1550 Hegait

198 1677 268 1742 IN
295 1706 387 1741 DEI
414 1706 623 1742 NOMINE
652 1707 805 1742 AMEN
827 1729 833 1735 ·
858 1708 926 1742 Per
951 1708 1017 1742 hoc
1042 1708 1216 1755 publicum
1240 1709 1504 1744 instrumentum
1524 1710 1655 1744 cunctis

197 1773 314 1814 pateat
332 1767 423 1814 quod
441 1780 531 1802 anno
553 1767 800 1803 incarnationis
828 1768 1013 1803 Dominice
1040 1768 1220 1803 millesimo
1239 1769 1517 1816 quingentesimo
1538 1770 1656 1811 Quad-

198 1827 494 1874 ragesimooctauo
512 1828 568 1863 die
584 1841 668 1863 vero
687 1828 819 1863 decimo
839 1829 966 1864 mensis
987 1829 1199 1876 Septembris
1216 1838 1224 1865 l
1241 1830 1281 1864 In
1301 1830 1368 1865 mei
1386 1830 1509 1865 notarii
1527 1831 1656 1878 publici

199 1894 234 1922 et
251 1888 391 1923 testium
410 1889 679 1936 subscriptorum
708 1889 884 1936 presentia
902 1890 1132 1936 personaliter
1151 1890 1357 1925 constitutus
1374 1890 1585 1926 honorabilis
1603 1892 1656 1926 vir

200 1948 317 1983 Dauid
337 1948 527 1996 Lyndesay
546 1962 634 1984 vnus
652 1950 857 1985 balliuorum
872 1950 1021 1985 ciuitatis
1039 1950 1270 1997 Glasguensis
1286 1960 1294 1987 l
1311 1951 1353 1986 ad
1371 1957 1570 1998 requestum
1588 1964 1656 1987 ma-

200 2008 299 2054 gistri
313 2008 336 2045 J
339 2009 482 2044 ohannis
501 2010 685 2045 Houstoun
703 2019 711 2047 l
728 2011 846 2045 vicarii
860 2011 903 2045 de
919 2011 1063 2057 Dunlop
1077 2023 1116 2045 ac
1129 2011 1362 2058 procuratoris
1376 2011 1505 2046 domini
1520 2012 1656 2047 Valteri

201 2068 425 2104 Dunslesone
442 2079 450 2105 l
467 2070 650 2106 existentis
668 2071 703 2105 in
723 2077 813 2106 statu
832 2077 867 2106 et
885 2071 1011 2106 saisina
1029 2071 1129 2106 vnius
1147 2072 1251 2106 annui
1269 2072 1426 2107 redditus
1452 2085 1514 2107 sex
1533 2072 1656 2107 solido-

201 2141 276 2162 rum
295 2129 338 2163 de
353 2130 498 2175 quodam
517 2137 718 2166 tenemento
733 2138 813 2166 ante
833 2138 868 2166 et
885 2138 980 2166 retro
999 2144 1075 2166 cum
1090 2138 1165 2166 orto
1180 2132 1318 2178 jacente
1336 2145 1444 2180 prope
1463 2132 1655 2168 Ecclesiam

205 2188 329 2222 Sancte
357 2188 490 2223 Tenew
516 2197 616 2225 extra
643 2191 780 2225 Portam
809 2191 1072 2226 Occidentalem
1098 2191 1247 2227 ciuitatis
1278 2192 1509 2239 Glasguensis
1533 2203 1541 2229 l
1565 2194 1656 2228 inter

204 2247 361 2294 Longam
390 2248 543 2283 Croftam
575 2263 619 2285 ex
648 2251 779 2286 boreali
796 2259 1035 2287 (communem
1061 2252 1150 2286 viam
1182 2252 1330 2299 Regiam
1356 2265 1400 2288 ex
1430 2253 1655 2289 australillie

205 2307 395 2342 Commoun
417 2308 518 2354 Loyn
538 2322 581 2343 ex
601 2311 806 2345 occidentali
822 2320 831 2347 l
847 2318 883 2346 et
900 2318 1010 2346 terras
1033 2312 1195 2346 Willelmi
1225 2313 1321 2347 Scott
1347 2313 1389 2347 de
1417 2313 1654 2347 Bradisholme
