1922 2764
598 245 814 280 ORDINIS
845 245 1277 284 PREDICATORUM.
1604 256 1663 292 171

206 354 276 387 sint
294 354 548 400 imperpetuum
569 355 699 389 exclusi
734 355 863 401 pariter
892 362 927 390 et
954 356 1055 390 soluti
1073 365 1082 392 l
1101 357 1155 391 Ac
1183 358 1288 392 eciam
1318 359 1457 394 Fratres
1488 362 1635 408 predicti
1654 376 1672 397 a

205 414 431 460 promissione
450 414 584 461 prefata
602 415 645 450 de
665 416 906 451 celebracione
925 418 1158 464 predictarum
1178 419 1356 454 missarum
1377 428 1412 455 et
1434 422 1671 458 anniuersario

202 475 363 512 faciendo
382 482 485 510 erunt
511 475 657 511 relaxati
686 478 864 512 exonerati
894 490 933 513 ac
959 479 1211 526 imperpetuum
1241 481 1377 516 liberati
1422 482 1460 516 In
1494 483 1590 518 cuius
1621 484 1671 518 rei

203 536 436 570 testimonium
457 536 606 583 sigillum
627 550 738 572 meum
758 539 980 585 presentibus
1000 545 1053 574 est
1071 552 1259 587 appensum
1279 542 1371 588 apud
1389 542 1526 590 Glasgu
1559 548 1642 577 xx¹¹¹⁰
1666 566 1671 571 -

205 596 260 630 die
279 597 407 631 mensis
426 597 550 644 Marcij
572 611 661 633 auno
683 599 824 633 Domini
856 603 924 634 m¹³¹⁰
947 621 952 626 ·
976 600 1319 648 quadringentesimo
1339 604 1625 650 quinquagesimo

207 779 313 815 Carta
331 781 467 816 ducisse
486 781 529 816 de
552 781 703 816 Albania
719 790 727 817 l
745 782 788 816 de
808 783 911 817 terris
931 783 973 817 de
994 783 1170 829 Balagane
1188 794 1196 820 s

207 874 394 942 Omnibus
414 906 502 941 hanc
520 914 645 941 cartam
668 907 792 941 visuris
812 908 866 942 vel
887 909 1054 943 audituris
1083 909 1229 943 [sabella
1247 910 1384 945 ducissa
1402 910 1444 945 de
1468 910 1618 945 Albania
1636 920 1670 946 et

205 967 377 1002 comitissa
396 968 440 1002 de
460 967 587 1003 Lenox
617 968 770 1003 Salutem
792 968 824 1002 in
847 969 999 1003 Domino
1015 970 1257 1017 sempiternam
1282 991 1288 998 -
1313 970 1494 1006 Noueritis
1512 984 1574 1006 nos
1594 984 1669 1006 cum

205 1040 376 1063 consensu
396 1035 430 1064 et
449 1042 591 1064 assensu
611 1029 834 1064 dilectissime
855 1030 982 1064 sororis
1001 1037 1118 1065 nostre
1143 1043 1309 1077 germane
1330 1031 1532 1078 Margarete
1554 1032 1670 1066 uxoris

205 1090 375 1135 quondam
391 1090 519 1124 domini
535 1090 578 1125 de
598 1090 722 1137 Rusky
745 1111 750 1117 ·
774 1091 911 1125 dedisse
929 1097 964 1125 et
978 1091 1129 1126 caritatis
1148 1091 1272 1126 intuitu
1289 1092 1502 1127 concessisse
1525 1114 1530 1119 ·
1554 1099 1589 1127 et
1607 1093 1670 1127 hac

205 1151 358 1196 presenti
374 1158 468 1186 carta
481 1159 599 1186 nostra
613 1165 675 1198 pro
690 1158 860 1199 perpetuo
874 1152 1095 1187 confirmasse
1118 1173 1123 1178 ·
1147 1152 1189 1187 ad
1207 1153 1373 1187 honorem
1389 1160 1424 1188 et
1439 1153 1575 1188 laudem
1598 1153 1670 1188 Dei

206 1211 466 1259 Omnipotentis
486 1219 521 1247 et
538 1213 690 1259 gloriose
711 1213 828 1247 matris
848 1226 908 1247 sue
937 1213 1046 1248 Beate
1072 1213 1186 1248 Marie
1214 1226 1350 1261 semper
1372 1214 1530 1260 Virginis
1551 1214 1668 1249 Sancti

207 1272 389 1307 Michaelis
418 1273 635 1320 Archangeli
665 1274 781 1308 Sancti
813 1273 989 1308 Dominici
1020 1280 1056 1309 et
1088 1275 1250 1309 Omnium
1278 1276 1479 1309 Sanctorum
1504 1297 1509 1302 -
1533 1275 1668 1310 dilectis

205 1334 368 1369 fratribus
387 1335 514 1369 nostris
532 1335 660 1371 ,Ioanni
687 1335 730 1369 de
761 1335 909 1370 Govane
939 1335 1050 1369 Priori
1078 1336 1198 1370 domus
1228 1335 1387 1370 Fratrum
1410 1336 1668 1371 Predicatorum

206 1395 248 1428 de
271 1394 406 1442 Glasgu
425 1396 613 1431 conuentui
641 1396 796 1443 ejusdem
817 1403 852 1431 et
879 1396 950 1431 suis
977 1397 1234 1431 successoribus
1254 1397 1312 1444 qui
1331 1410 1393 1444 pro
1420 1404 1575 1445 tempore
1595 1398 1668 1432 fue-

206 1456 377 1503 rintlpro
396 1457 506 1492 salute
525 1457 636 1492 anime
658 1463 774 1492 nostre
801 1464 835 1492 et
862 1470 924 1504 pro
952 1458 1062 1492 salute
1090 1458 1261 1505 quondam
1288 1458 1475 1494 recolende
1503 1462 1666 1496 memorie

205 1516 418 1552 dilectissimi
446 1518 562 1565 sponsi
589 1518 698 1552 nostri
726 1518 853 1552 domini
884 1518 1042 1553 Murdaci
1073 1519 1202 1553 domini
1230 1519 1326 1553 ducis
1348 1519 1500 1554 Albanie
1531 1533 1666 1556 necnon

204 1590 267 1624 pro
293 1578 470 1613 animabus
489 1579 661 1625 quondam
688 1579 816 1613 domini
850 1579 1013 1614 Duncani
1036 1580 1170 1614 comitis
1201 1580 1244 1614 de
1277 1580 1402 1615 Lenox
1434 1582 1668 1628 progenitoris

204 1640 338 1675 nostris
355 1646 390 1674 et
415 1653 478 1688 pro
506 1641 682 1675 animabus
706 1641 849 1676 Walteri
880 1641 1003 1677 Jacobi
1035 1647 1070 1676 et
1090 1642 1285 1676 Alexandri
1317 1642 1487 1689 quondam
1519 1643 1665 1678 filiorum

205 1707 478 1737 nostrorumlet
511 1715 574 1748 pro
610 1702 720 1737 salute
753 1702 903 1736 omnium
934 1702 1087 1737 fidelium
1118 1702 1359 1737 defunctorum
1390 1709 1426 1737 et
1460 1716 1521 1749 pro
1555 1704 1667 1738 anima

205 1764 1595 1809 pape!..........................pronobis
1631 1771 1667 1798 et

205 1822 410 1868 supradictis
438 1822 608 1858 Murdaco
644 1823 817 1857 Duucano
854 1822 1011 1858 Waltero
1041 1823 1174 1859 ,Iacobo
1205 1823 1410 1858 Alexandro
1446 1831 1481 1858 et
1507 1837 1569 1871 pro
1595 1825 1665 1859 ani-

205 1882 323 1916 mabus
350 1889 608 1918 antecessorum
636 1890 672 1918 et
698 1896 934 1918 successorum
954 1890 1149 1918 nostrorum
1170 1896 1244 1918 cum
1274 1884 1339 1930 piis
1359 1884 1519 1930 precibus
1539 1891 1573 1919 et
1592 1898 1665 1920 ora-

205 1943 354 1977 tionibus
397 1955 460 1990 per
502 1944 679 1990 predictos
719 1943 874 1978 Priorem
909 1951 1120 1978 conuentum
1160 1951 1196 1979 et
1235 1957 1314 1978 suos
1350 1957 1569 1979 successores
1608 1959 1665 1980 an-

204 2005 333 2038 nuatim
352 2004 570 2038 celebrandis
589 2011 624 2039 et
642 2004 765 2039 fiendis
787 2025 793 2031 ·
817 2004 926 2039 Totas
946 2011 1056 2038 terras
1084 2011 1218 2039 nostras
1246 2005 1288 2038 de
1310 2004 1485 2051 Balagane
1507 2005 1665 2052 jacentes

204 2065 292 2099 infra
319 2065 531 2112 parrochiam
562 2065 605 2099 de
634 2065 881 2099 Kilmaronock
908 2071 944 2099 et
962 2065 1239 2100 vicecomitatum
1267 2073 1421 2100 nostrum
1448 2066 1491 2101 de
1511 2066 1636 2102 Lenox
1659 2087 1665 2094 -

205 2125 394 2160 Tenendas
413 2132 449 2160 et
466 2125 642 2161 habendas
660 2126 768 2160 dictas
787 2132 897 2160 terras
916 2126 959 2160 de
989 2126 1140 2172 Balagan
1157 2139 1232 2160 cum
1251 2127 1472 2174 pertinentiis
1498 2128 1664 2174 predictis

207 2186 317 2220 Priori
337 2187 522 2221 conuentui
542 2193 578 2221 et
596 2187 666 2221 suis
685 2187 941 2221 successoribus
959 2187 1017 2233 qui
1036 2200 1098 2233 pro
1117 2194 1272 2234 tempore
1302 2187 1432 2222 fuerint
1450 2188 1493 2222 de
1513 2189 1611 2223 nobis
1631 2196 1666 2224 et

205 2248 391 2282 heredibus
411 2248 537 2282 nostris
568 2260 631 2295 pro
661 2254 831 2295 perpetuo
858 2247 892 2281 in
911 2260 1030 2294 puram
1050 2254 1085 2282 et
1104 2254 1305 2295 perpetuam
1337 2248 1571 2295 elemosynam
1603 2262 1665 2296 per

205 2316 318 2344 rectas
337 2315 444 2344 metas
464 2322 541 2344 suas
560 2316 596 2344 et
613 2309 741 2344 diuisas
756 2309 790 2343 in
805 2309 908 2343 moris
923 2315 959 2343 et
973 2308 1128 2344 maresiis
1146 2309 1253 2356 pratis
1271 2310 1407 2356 pascuis
1421 2310 1534 2344 boscis
1553 2310 1664 2357 planis
