1922 2764
218 221 264 252 54
544 215 699 250 LIBER
726 213 974 250 ECCLESIE
1003 211 1343 249 COLLEGIATE

225 326 322 348 orum
342 325 402 359 per
420 307 690 347 ebdomidarium
707 320 716 348 Ι
732 311 1049 357 distribuanturque
1076 310 1166 344 inter
1193 309 1283 343 bene
1311 307 1505 342 seruientes
1524 311 1559 341 et
1576 306 1680 340 admi-

225 373 413 408 nistrantes
440 373 487 407 Et
512 373 578 407 hoc
605 372 698 406 omni
724 371 874 419 capitulo
903 370 1065 406 Sabatino
1089 391 1094 396 ·
1117 369 1265 415 Insuper
1291 368 1371 402 volo
1394 373 1430 401 et
1449 366 1571 400 ordino
1589 366 1680 412 quod

226 433 427 480 Prepositus
445 446 508 479 pro
525 439 680 479 tempore
702 432 857 466 existens
875 437 911 466 et
927 431 962 465 in
982 430 1056 464 eius
1070 429 1227 464 absentia
1243 427 1426 474 presidens
1441 426 1680 461 auctoritatem

224 494 350 528 habeat
368 493 524 528 defectus
549 492 735 540 premissos
754 491 952 537 corrigendi
978 502 1170 537 penamque
1189 488 1422 535 pecuniariam
1441 499 1501 521 seu
1522 486 1679 520 mulctam

225 559 411 600 propterea
435 553 635 600 imponendi
654 558 689 587 et
707 551 872 598 exigendi
899 549 1144 597 suspendendo
1170 554 1274 596 prout
1298 548 1386 582 ratio
1408 547 1520 592 exigit
1538 559 1558 581 a
1576 545 1698 581 choro

228 613 308 654 Qua
334 613 560 660 suspensione
588 618 700 647 stante
727 612 883 657 integros
900 611 1034 644 fructus
1060 609 1152 643 illius
1178 608 1369 643 defectuosi
1395 607 1617 655 prebendarii
1644 607 1679 640 in

225 673 439 720 supradictos
457 685 538 707 vsus
557 673 613 707 vel
639 673 673 706 in
700 671 838 718 pietatis
857 670 1019 718 operibus
1043 669 1270 704 conuertendi
1299 668 1346 703 Et
1370 668 1398 702 si
1425 680 1541 702 eorum
1562 673 1680 702 contu-

224 733 332 768 macia
358 739 393 768 et
419 733 655 768 inobedientia
681 733 717 767 id
742 731 854 777 exigit
879 731 958 765 volo
985 730 1076 776 quod
1103 742 1122 763 a
1148 729 1286 763 domino
1311 728 1445 763 officiali
1467 727 1679 774 Glasguensi

224 794 382 840 generali
408 807 470 840 pro
488 800 643 840 tempore
663 792 836 827 existente
856 803 917 825 seu
936 790 1009 825 eius
1028 789 1259 824 commissario
1277 801 1297 823 a
1314 788 1508 822 diuinorum
1527 788 1679 822 celebra-

224 854 318 888 tione
337 854 591 901 suspendantur
608 862 616 889 Ι
633 853 783 899 aliasque
802 864 909 898 penas
928 850 1077 885 acriores
1093 855 1128 884 et
1141 861 1305 884 censuras
1320 848 1569 883 ecclesiasticas
1587 848 1678 882 idem

224 914 376 949 officialis
403 927 464 949 seu
483 914 556 948 eius
575 912 825 948 commissarius
844 911 976 957 infligat
1026 923 1045 944 a
1063 910 1186 956 quibus
1212 909 1278 943 nisi
1304 908 1536 944 satisfactione
1560 908 1681 955 preuia

225 987 287 1021 per
314 987 391 1009 eum
417 987 486 1009 non
517 975 718 1009 relaxentur
749 985 815 1007 nec
841 971 1084 1006 absoluantur·
1104 971 1193 1005 Item
1219 970 1364 1004 vlterius
1390 969 1469 1003 volo
1496 974 1531 1003 et
1558 969 1680 1002 ordino

224 1035 316 1081 quod
334 1048 452 1070 omnes
472 1041 507 1070 et
525 1035 652 1081 singuli
670 1033 752 1068 dicti
770 1031 989 1080 prebendarii
1009 1037 1191 1078 presentes
1210 1036 1245 1064 et
1262 1029 1368 1064 futuri
1394 1029 1463 1064 sint
1481 1029 1679 1063 sacerdotes

225 1095 280 1129 vel
308 1096 428 1130 saltem
446 1096 481 1129 in
500 1096 621 1130 ordine
640 1095 840 1129 diaconatus
864 1092 1041 1127 constituti
1069 1091 1116 1125 Et
1142 1091 1176 1125 in
1203 1091 1397 1125 litteratura
1423 1096 1525 1124 cantu
1552 1095 1587 1123 et
1613 1089 1680 1123 dis-

225 1161 327 1189 cantu
344 1155 447 1202 periti
466 1161 501 1189 et
519 1155 655 1202 experti
709 1154 779 1194 Qui
799 1154 898 1187 etiam
918 1152 1062 1199 singulis
1081 1152 1203 1186 diebus
1222 1163 1297 1186 cum
1317 1150 1472 1197 dispositi
1490 1150 1620 1184 fuerint
1637 1150 1679 1184 ad

224 1216 344 1250 altaria
361 1216 484 1263 quibus
502 1216 644 1250 fundate
664 1221 744 1250 sunt
762 1227 880 1249 eorum
897 1213 1076 1261 prebende
1105 1212 1232 1246 Missas
1258 1212 1394 1259 priuato
1411 1211 1513 1245 modo
1529 1224 1592 1258 pro
1610 1210 1681 1245 ani-

224 1277 342 1310 mabus
360 1276 495 1311 illorum
514 1289 657 1323 quorum
676 1275 895 1310 fundationes
912 1274 1002 1308 facte
1030 1279 1110 1307 sunt
1136 1273 1313 1307 celebrare
1335 1272 1546 1306 tenebuntur
1565 1292 1570 1297 ·
1590 1271 1681 1305 Volo

225 1336 326 1370 etiam
354 1338 445 1384 quod
472 1349 590 1371 omnes
617 1337 708 1371 dicte
735 1335 913 1383 prebende
942 1334 1010 1368 sint
1036 1332 1272 1380 compatibiles
1299 1344 1375 1367 cum
1402 1332 1579 1378 quibusuis
1606 1331 1681 1365 aliis

224 1396 402 1431 beneficiis
433 1397 676 1432 ecclesiasticis
706 1395 890 1430 dummodo
920 1400 1034 1429 tamen
1071 1393 1197 1440 singuli
1231 1392 1453 1439 prebendarii
1486 1391 1680 1426 huiusmodi

225 1457 442 1503 personalem
467 1463 502 1491 et
526 1457 719 1491 continuam
747 1455 970 1490 residentiam
989 1453 1115 1488 faciant
1140 1453 1229 1500 apud
1249 1453 1375 1487 dictum
1397 1451 1593 1498 Collegium
1610 1460 1618 1487 l
1635 1451 1681 1485 ita

226 1517 317 1563 quod
336 1517 363 1551 si
383 1517 504 1564 aliquis
523 1517 566 1551 de
584 1516 749 1563 predictis
767 1514 1006 1562 prebendariis
1025 1527 1061 1548 se
1081 1514 1122 1548 ab
1141 1513 1334 1547 huiusmodi
1353 1512 1422 1546 suis
1450 1512 1600 1546 seruitiis
1618 1524 1681 1558 per

226 1576 433 1622 quindenam
451 1577 603 1623 lnabsque
622 1576 762 1610 licentia
781 1575 953 1621 Prepositi
974 1574 1056 1608 dicti
1075 1573 1224 1619 Collegii
1253 1573 1280 1607 si
1306 1585 1452 1619 presens
1470 1572 1575 1606 fuerit
1594 1578 1628 1606 et
1647 1572 1679 1606 in

227 1637 300 1671 eius
320 1637 476 1671 absentia
492 1636 701 1683 presidentis
717 1642 752 1670 et
766 1635 904 1682 capituli
921 1643 929 1671 Ι
945 1635 1180 1669 absentauerit
1194 1646 1255 1668 seu
1273 1634 1455 1667 absentare
1471 1632 1656 1679 contigerit
1673 1642 1681 1668 l

228 1697 282 1731 cui
301 1710 362 1732 seu
382 1698 504 1744 quibus
522 1710 591 1731 non
610 1696 728 1731 licebit
754 1702 886 1730 tantum
912 1694 1068 1729 absentie
1095 1700 1230 1740 tempus
1256 1693 1418 1728 tollerare
1444 1692 1510 1726 nisi
1537 1692 1682 1727 euidens

228 1770 330 1792 causa
348 1758 503 1792 absentie
522 1758 581 1792 fiat
596 1766 605 1793 Ι
621 1770 682 1791 sua
707 1755 886 1803 prebenda
912 1760 1094 1789 censeatur
1122 1754 1165 1788 de
1183 1754 1273 1788 facto
1300 1765 1422 1788 vacare
1444 1759 1479 1787 et
1496 1758 1596 1787 vacet
1612 1761 1620 1788 Ι
1636 1752 1683 1786 ita

229 1818 320 1865 quod
347 1830 422 1853 cum
450 1817 644 1852 constiterit
671 1817 762 1863 quod
789 1816 846 1850 ille
877 1815 1128 1862 prebendarius
1155 1827 1191 1849 se
1220 1814 1266 1849 ita
1292 1813 1528 1848 absentauerit
1554 1813 1682 1859 absque

228 1879 408 1913 vocatione
427 1885 485 1913 aut
503 1890 706 1925 quocunque
725 1877 791 1911 alio
809 1888 973 1923 processu
997 1875 1096 1910 alteri
1123 1875 1261 1921 ydoneo
1279 1874 1475 1909 conferatur
1493 1894 1499 1900 ·
1518 1873 1683 1908 Ceterum

230 1945 341 1973 statuo
361 1946 396 1973 et
414 1939 535 1973 ordino
554 1938 645 1985 quod
664 1949 783 1972 omnes
801 1942 837 1971 et
855 1936 981 1983 singuli
1000 1936 1082 1970 dicti
1108 1934 1328 1982 prebendarii
1351 1940 1387 1969 et
1404 1946 1522 1969 eorum
1550 1946 1683 1968 succes-

231 2011 326 2033 sores
345 1999 379 2033 in
397 1999 507 2046 primo
526 2012 588 2033 suo
606 1998 749 2033 introitu
768 1997 857 2031 infra
875 1996 998 2031 dictam
1018 1996 1198 2031 ecclesiam
1218 1995 1290 2030 siue
1307 1994 1503 2040 Collegium
1522 1993 1683 2028 obedien-

231 2058 311 2093 tiam
329 2059 520 2093 manualem
539 2059 631 2093 dicto
650 2058 788 2092 domino
808 2057 989 2104 Preposito
1009 2062 1044 2091 et
1062 2057 1096 2090 in
1116 2057 1189 2091 eius
1208 2056 1364 2090 absentia
1382 2054 1571 2102 presidenti
1589 2067 1683 2100 pres-

232 2119 354 2153 tabunt
372 2125 407 2154 et
423 2119 551 2154 facient
568 2119 616 2154 Et
630 2119 795 2166 jurabunt
813 2118 856 2152 de
876 2117 1068 2152 obseruatis
1087 2117 1223 2151 statutis
1238 2122 1273 2151 et
1290 2116 1421 2162 regulis
1436 2115 1518 2149 dicti
1534 2114 1684 2160 Collegii

233 2179 379 2213 conditis
398 2185 433 2213 et
450 2179 639 2213 condendis
656 2188 665 2215 Ι
681 2179 804 2226 quibus
821 2178 1018 2212 facultatem
1038 2177 1209 2212 condendi
1229 2182 1356 2211 statuta
1375 2175 1577 2221 Collegialia
1594 2174 1685 2209 inter

234 2240 372 2274 eosdem
392 2240 544 2274 concedo
561 2248 569 2275 Ι
587 2239 667 2280 Quo
691 2239 887 2285 juramento
913 2238 1059 2285 prestito
1077 2238 1159 2273 dicti
1185 2236 1406 2284 prebendarii
1424 2234 1632 2271 conueniant
1649 2234 1684 2268 in
