1922 2764
607 257 823 294 ORDINIS
852 256 1288 292 PREDICATORUM.
1611 260 1677 291 185

215 368 377 402 Vicarius
409 367 596 403 Generalis
626 368 785 402 Fratrum
819 367 1076 402 Predicatorum
1110 366 1240 401 ordinis
1274 366 1389 401 Sancti
1423 366 1597 412 Dominicj
1630 366 1679 399 in-

212 429 266 464 fra
298 441 445 476 regnum
479 429 599 464 Scocie
631 429 776 464 vbilibet
802 438 811 465 l
837 428 1044 464 constitutus
1071 435 1109 462 ut
1139 427 1350 474 premittitur
1377 436 1481 463 lcum
1513 439 1680 473 expresso

213 503 385 525 consensu
404 496 440 525 et
468 503 613 525 assensu
632 490 740 525 eciam
768 490 923 537 religiosi
951 489 1017 524 viri
1045 489 1177 524 Fratris
1208 488 1346 535 Patrieij
1371 487 1520 523 Guvane
1551 487 1680 522 Prioris

213 551 334 585 domus
353 556 389 586 et
407 558 601 586 conuentus
620 551 767 586 ciuitatis
791 551 1023 598 Glasguensis
1044 557 1079 585 et
1097 550 1258 585 Fratrum
1277 550 1432 584 eiusdem
1451 549 1578 584 ibidem
1597 555 1680 583 tunc

212 612 444 647 habitancium
466 633 472 639 ·
495 612 671 647 assedauit
689 619 724 647 et
743 613 786 647 ad
804 613 895 660 feodj
927 613 1056 647 firmam
1076 612 1205 646 dimisit
1228 632 1233 638 ·
1259 624 1393 646 necnon
1421 624 1484 658 pro
1511 618 1681 658 perpetuo

212 686 232 708 a
249 687 286 708 se
313 679 349 708 et
375 673 445 708 suis
477 674 736 708 suecessoribus
767 674 930 708 alienauit
949 686 1049 708 vnam
1083 673 1199 707 rodam
1219 685 1295 707 cum
1327 672 1478 706 dimedia
1507 678 1677 706 terrarum

211 735 418 782 proutjacet
431 735 465 769 in
481 734 699 781 longitudine
715 741 750 769 et
763 735 946 770 latitudine
960 735 995 769 in
1008 734 1146 769 venella
1159 733 1300 768 australi
1312 733 1482 768 dictorum
1496 733 1655 767 Fratrum
1669 743 1676 769 Ι

211 796 387 843 wlgariter
401 802 599 843 nuncupata
612 796 644 831 le
664 796 775 831 Frere
798 795 936 843 Wynde
953 805 962 833 l
978 796 1069 831 inter
1084 802 1195 831 terras
1214 808 1276 830 seu
1294 801 1496 830 tenementa
1512 794 1676 840 Willelmj

210 857 363 894 Jacsoun
391 870 437 892 ex
463 857 669 903 occidentalj
703 863 738 892 et
764 863 875 892 terras
907 857 981 892 siue
1012 863 1249 892 tenementum
1280 856 1450 893 Johannis
1480 855 1605 902 Yonge
1637 867 1682 890 ex

211 918 370 954 orientali
386 919 541 966 partibus
564 939 570 945 ·
593 918 728 965 Fynlao
744 919 787 953 de
808 918 973 953 Menteth
991 918 1116 953 latamo
1132 924 1167 953 et
1182 918 1256 952 eius
1271 917 1369 964 vxorj
1390 917 1575 963 Mergrete
1595 916 1681 963 Lyt-

212 987 303 1016 stare
322 986 359 1015 et
377 993 495 1015 eorum
514 979 648 1014 diucius
667 979 801 1014 viuenti
821 985 857 1014 et
874 979 1030 1027 prolibus
1048 979 1140 1014 inter
1155 979 1296 1014 eosdem
1314 978 1505 1025 procreatis
1525 990 1585 1012 seu
1605 990 1681 1024 pro-

211 1042 371 1078 creandis
389 1043 424 1077 in
451 1043 554 1078 feodo
584 1049 620 1078 et
649 1042 845 1077 hereditate
877 1042 1130 1089 imperpetuum
1153 1062 1160 1068 ·
1184 1041 1390 1076 Tenendam
1422 1046 1458 1075 et
1487 1040 1680 1074 habendam

211 1104 400 1151 predictam
419 1104 537 1139 rodam
557 1117 633 1139 eum
653 1104 803 1138 dimedia
823 1116 899 1138 cum
919 1103 1076 1138 omnibus
1095 1102 1165 1137 suis
1184 1102 1283 1137 iustis
1301 1101 1527 1149 pertinencijs
1542 1101 1681 1148 quibus-

212 1178 349 1213 cunque
368 1165 469 1200 dictis
501 1165 623 1200 Finlao
651 1171 686 1200 et
714 1165 898 1212 Mergrete
929 1164 1117 1199 heredibus
1137 1163 1206 1198 suis
1238 1170 1273 1198 et
1303 1162 1487 1210 assignatis
1509 1183 1515 1188 ·
1539 1175 1558 1196 a
1588 1161 1680 1196 (licto

213 1227 356 1262 Vicario
376 1227 497 1261 Priore
525 1232 561 1261 et
579 1233 755 1261 conuentu
781 1239 917 1261 necnon
951 1225 1021 1260 suis
1052 1225 1311 1260 successoribus
1342 1224 1400 1271 qui
1430 1237 1493 1270 pro
1523 1229 1680 1270 tempore

209 1288 341 1323 fuerint
358 1288 393 1322 in
411 1287 514 1323 feodo
530 1294 565 1322 et
583 1287 779 1323 hereditate
795 1293 832 1322 vt
849 1287 1061 1335 premittitur
1076 1287 1330 1333 imperpetuum
1352 1306 1359 1312 ·
1385 1285 1580 1320 Reddendo
1600 1284 1680 1318 inde

210 1349 386 1385 annuatim
406 1349 449 1384 ad
467 1349 554 1384 duos
573 1349 652 1396 annj
682 1349 850 1384 terminos
873 1370 878 1375 -
902 1348 1008 1384 Festa
1032 1348 1261 1383 Pentecostes
1290 1354 1324 1382 ct
1346 1347 1460 1393 Sanctj
1481 1346 1625 1392 Martinj
1648 1345 1681 1379 in

210 1424 311 1458 yeme
335 1432 340 1438 ·
363 1424 426 1459 per
445 1411 586 1459 equales
604 1411 789 1459 porciones
808 1411 961 1458 quinque
980 1409 1109 1445 solidos
1136 1415 1274 1443 monete
1301 1408 1401 1455 regnj
1433 1408 1552 1443 Scocie
1581 1407 1681 1442 dictis

212 1472 322 1520 Priorj
344 1479 379 1508 et
397 1473 584 1520 conuentuj
609 1472 891 1520 Glasguensibus
910 1478 946 1507 et
965 1471 1035 1506 suis
1055 1470 1314 1506 successoribus
1334 1470 1407 1504 siue
1428 1481 1547 1504 eorum
1574 1469 1681 1515 assig-

210 1534 299 1569 natis
315 1535 371 1582 quj
388 1547 451 1582 pro
465 1541 623 1582 tempore
638 1534 770 1569 fuerint
807 1533 916 1569 Cuius
934 1533 1020 1568 rode
1039 1545 1115 1568 cum
1135 1532 1285 1567 dimedia
1301 1531 1468 1579 prouidus
1483 1530 1536 1565 vir
1552 1530 1681 1566 Johan-

210 1609 273 1631 nes
294 1597 406 1643 Spens
424 1596 510 1631 ciuis
532 1596 767 1643 Glasguensis
785 1595 934 1630 balliuus
948 1595 982 1629 in
1001 1595 1066 1629 hac
1084 1600 1182 1642 parte
1202 1593 1400 1640 specialiter
1414 1592 1600 1639 deputatus
1618 1604 1681 1639 per

211 1657 323 1692 dictos
342 1657 498 1692 Priorem
517 1663 553 1692 et
571 1663 781 1692 conuentum
801 1656 902 1692 dictis
921 1655 1044 1691 Finlao
1063 1661 1099 1690 et
1124 1655 1307 1701 Mergrete
1327 1666 1453 1701 sponse
1473 1666 1534 1688 sue
1561 1665 1680 1687 eorum

211 1718 345 1753 diucius
359 1718 491 1765 viuentj
513 1723 549 1753 et
565 1718 721 1765 prolibus
736 1718 828 1752 inter
843 1718 983 1752 eosdem
998 1715 1189 1764 procreatis
1204 1728 1265 1750 seu
1279 1714 1504 1762 procreandis
1526 1735 1532 1740 -
1556 1719 1681 1748 statum

211 1777 460 1812 hereditarium
477 1791 541 1825 per
559 1784 654 1813 terre
674 1784 710 1813 et
727 1778 851 1825 lapidis
870 1784 908 1813 ut
929 1778 1035 1812 moris
1054 1783 1108 1812 est
1125 1776 1355 1812 tradicionem
1374 1774 1517 1810 tradidit
1539 1796 1544 1801 ·
1570 1774 1681 1821 Super

212 1839 336 1885 quibus
363 1839 474 1873 dictus
500 1838 643 1873 Finlaus
669 1852 689 1873 a
714 1852 768 1874 me
795 1839 930 1873 notario
960 1838 1100 1885 publico
1130 1836 1350 1884 infrascripto
1378 1835 1441 1882 sibj
1468 1835 1541 1882 fierj
1574 1834 1679 1882 peciit

214 1899 387 1946 publicum
423 1899 690 1934 instrumentum
722 1920 728 1926 ·
758 1899 850 1934 Acta
878 1899 1021 1933 fuerunt
1050 1898 1116 1933 hec
1146 1898 1179 1932 in
1212 1897 1304 1932 dicta
1334 1896 1472 1931 venella
1505 1895 1680 1942 wlgariter

213 1965 411 2006 nuncupata
441 1959 474 1994 le
506 1959 614 1994 Frere
656 1959 796 2006 Wynde
819 1981 824 1986 ·
849 1959 1076 1994 Presentibus
1106 1959 1234 1994 ibidem
1264 1958 1419 2005 prouidis
1449 1957 1532 1991 viris
1566 1957 1679 1991 Adam

215 2020 383 2067 Hommyl
427 2019 603 2054 Willelmo
621 2019 750 2056 Jacson
795 2020 944 2055 Patricio
965 2020 1183 2067 Robynsoun
1230 2019 1362 2055 Jacobo
1383 2018 1526 2054 Cutlare
1545 2018 1678 2053 ciuibus

216 2080 496 2127 Glasguensibus
531 2101 537 2107 ·
572 2080 736 2116 Gilberto
756 2081 925 2116 Adesoun
975 2081 1132 2116 Roberto
1155 2080 1390 2116 Gilcristsoun
1410 2086 1445 2114 et
1474 2077 1609 2114 Thoma
1635 2079 1677 2114 de

213 2141 379 2188 Dunlope
406 2154 483 2176 cum
510 2141 625 2176 multis
652 2141 727 2176 aliis
754 2142 901 2177 testibus
923 2163 928 2169 ·
952 2142 1071 2176 Dauid
1100 2141 1200 2176 Rede
1226 2141 1423 2188 presbitero
1445 2140 1677 2188 Glasguensis

210 2202 358 2237 diocesis
376 2202 511 2237 notario
529 2202 670 2249 publico
693 2223 698 2228 ·
