1922 2764
236 264 302 295 124
560 257 715 292 LIBER
741 256 989 293 ECCLESIE
1020 255 1359 292 COLLEGIATE

231 385 302 450 IN
329 414 420 449 DEI
441 414 578 448 nomine
601 413 716 448 Amen
738 433 744 439 ·
768 412 836 447 Per
854 412 919 446 hoc
936 411 1111 458 publicum
1139 410 1405 444 instrumentum
1424 407 1556 442 cunctis
1574 413 1690 454 pateat

231 475 322 522 quod
337 487 427 509 anno
441 473 685 509 incarnationis
700 472 884 508 Dominice
899 471 1080 506 millesimo
1095 469 1373 517 quingentesimo
1387 468 1690 515 trigesimooctauo

231 536 286 570 die
305 548 389 570 vero
408 535 701 582 vigesimoquarto
720 533 847 568 mensis
871 531 997 566 Marcii
1013 539 1022 567 Ι
1038 531 1078 565 In
1107 530 1175 564 mei
1201 529 1326 564 notarii
1352 529 1478 576 publici
1499 535 1533 563 et
1552 528 1690 562 testium

231 596 501 643 subscriptorum
520 595 698 642 presentia
714 593 945 641 personaliter
959 591 1106 626 accessit
1124 590 1276 625 Mariota
1295 589 1554 624 Hammiltoune
1570 589 1639 623 filia
1657 595 1692 623 et

230 658 332 692 heres
347 656 519 704 quondam
536 655 658 692 Jacobi
680 653 939 689 Hammiltoune
954 664 994 686 ac
1006 651 1129 686 relicta
1143 651 1315 698 quondam
1332 650 1355 686 J
1358 650 1501 684 ohannis
1521 649 1639 696 Brady
1653 661 1693 683 ac

230 724 340 752 mater
357 717 526 754 Johannis
545 715 663 762 Brady
680 723 688 751 l
709 713 781 761 [ad]
805 725 901 748 suum
920 717 1159 747 tenementum
1181 711 1302 758 jacens
1327 711 1362 744 in
1386 711 1498 756 burgo
1517 710 1560 744 de
1581 709 1692 744 Ruth-

230 778 375 824 erglene
403 789 448 811 ex
473 782 572 823 parte
600 774 740 809 australi
767 773 922 808 eiusdem
950 773 1042 807 inter
1062 778 1173 807 terras
1199 771 1368 807 Johannis
1396 770 1513 804 Millar
1541 782 1585 804 ex
1604 769 1692 805 oeci-

231 838 360 873 dentali
386 843 422 872 et
445 843 555 871 terras
579 834 744 869 Willelmi
774 834 871 868 Scott
889 846 932 867 ex
952 833 1111 867 orientali
1137 832 1292 879 partibus
1313 831 1382 865 ·Et
1406 831 1532 865 ibidem
1559 830 1691 878 prefata

231 898 383 933 Mariota
404 896 640 932 Hammiltoun
660 895 764 929 vidua
782 900 817 929 et
835 893 926 927 omni
946 893 1067 928 solatio
1087 893 1152 926 viri
1171 891 1324 939 sponsati
1343 891 1509 926 destituta
1523 899 1532 927 l
1547 896 1690 937 propter

232 958 426 1005 singulares
447 957 584 991 fauores
609 961 643 990 et
670 967 820 989 amorem
839 966 925 1001 quos
953 966 1037 1000 erga
1055 953 1183 988 dictum
1201 952 1396 988 ,Iohannem
1416 964 1512 986 suum
1532 951 1637 985 filium
1657 957 1692 986 et

232 1018 415 1054 Isabellam
441 1017 581 1052 Oswald
608 1028 702 1050 suam
729 1027 888 1062 sponsam
916 1021 952 1049 et
978 1014 1094 1061 proles
1121 1014 1212 1048 inter
1239 1013 1378 1048 eosdem
1405 1019 1603 1059 procreatas
1631 1024 1691 1046 seu

231 1079 461 1126 procreandas
482 1083 611 1114 extunc
629 1082 666 1111 vt
685 1076 833 1111 asseruit
858 1075 1005 1122 gerebat
1021 1074 1276 1121 [prescriptum
1302 1079 1538 1108 tenementum
1558 1078 1638 1106 ante
1657 1079 1693 1106 et

231 1145 326 1175 retro
345 1152 421 1174 cum
439 1139 540 1173 horto
560 1144 595 1172 et
613 1137 747 1172 duobus
774 1136 962 1183 aggeribus
988 1141 1082 1170 terre
1110 1135 1222 1169 eidem
1248 1134 1484 1169 adiacentibus
1501 1142 1509 1170 l
1526 1134 1559 1166 in
1587 1133 1692 1167 mani-

231 1201 295 1235 bus
322 1200 421 1247 probi
448 1199 511 1234 viri
538 1198 709 1235 ,Iohannis
738 1197 867 1243 Young
894 1197 994 1231 vnius
1012 1195 1217 1230 balliuorum
1236 1195 1318 1229 dicti
1337 1194 1438 1241 burgi
1461 1195 1519 1230 lin
1538 1193 1691 1228 fauorem

233 1261 324 1295 dicte
344 1260 493 1295 Isabelle
510 1268 519 1296 l
535 1259 776 1294 consentiente
795 1258 887 1292 dicto
905 1257 1065 1293 Johanne
1085 1268 1147 1291 suo
1164 1255 1235 1290 filio
1260 1261 1295 1290 et
1320 1255 1450 1290 herede
1478 1260 1666 1301 apparente
1683 1263 1692 1290 Ι

233 1327 269 1356 et
295 1321 440 1368 prolium
469 1326 725 1367 procreatarum
754 1332 816 1353 seu
842 1317 1132 1365 procreandarum
1160 1317 1251 1351 inter
1280 1316 1419 1351 eosdem
1442 1324 1450 1351 l
1471 1314 1663 1362 resignauit
1685 1335 1691 1340 -

235 1382 315 1422 Qua
344 1381 581 1428 resignatione
613 1380 661 1415 sic
690 1380 781 1414 facta
811 1379 902 1413 idem
932 1378 1080 1413 balliuus
1111 1384 1236 1412 statum
1267 1383 1303 1411 et
1333 1376 1490 1411 saisinam
1522 1375 1693 1410 heredita-

233 1442 302 1476 rios
329 1442 411 1476 dicti
438 1441 630 1476 tenementi
657 1440 748 1475 dicte
781 1439 930 1474 lsabelle
960 1438 1099 1474 Oswald
1127 1443 1162 1472 et
1187 1437 1375 1472 heredibus
1406 1436 1497 1470 inter
1523 1435 1630 1482 ipsam
1658 1441 1693 1469 et

234 1502 362 1536 dictum
389 1502 583 1538 Johannem
613 1500 803 1547 procreatis
831 1512 891 1534 seu
918 1498 1142 1545 procreandis
1165 1506 1173 1534 l
1194 1497 1319 1544 quibus
1345 1496 1586 1531 deficientibus
1616 1508 1694 1542 pro-

233 1562 472 1610 pinquioribus
507 1561 693 1596 heredibus
724 1561 815 1595 dicte
852 1559 1002 1594 Mariote
1035 1559 1296 1605 quibuscunque
1321 1566 1330 1593 l
1356 1556 1563 1591 deliber-anit
1588 1564 1596 1591 l
1624 1556 1693 1590 Re-

235 1623 406 1658 seruando
433 1629 547 1657 tamen
570 1622 721 1662 liberum
747 1626 984 1656 tenementum
1012 1626 1048 1654 et
1074 1631 1170 1653 vsum
1198 1618 1369 1653 fructuum
1394 1617 1476 1651 dicti
1502 1616 1693 1651 tenementi

235 1684 326 1718 dicte
354 1683 506 1717 Mariote
532 1695 595 1729 pro
621 1688 694 1716 toto
720 1687 876 1728 tempore
901 1680 971 1714 vite
999 1692 1060 1714 sue
1083 1700 1088 1706 ·
1112 1679 1338 1713 Presentibus
1364 1678 1491 1712 ibidem
1520 1676 1694 1711 Macolmo

236 1743 327 1778 Park
348 1743 523 1789 Stephano
551 1741 693 1776 Riddell
715 1762 721 1768 ·
748 1741 816 1775 ET
844 1740 954 1776 EGO
983 1739 1174 1774 Nicholaus
1194 1738 1463 1785 Withirspowne
1482 1737 1605 1771 artium
1624 1749 1693 1771 maa

235 1803 345 1849 gister
366 1802 598 1849 Glasguensis
617 1801 764 1836 diocesis
782 1800 939 1847 publicus
960 1799 1165 1846 Apostolica
1183 1805 1218 1834 et
1235 1798 1410 1846 Imperiali
1434 1797 1694 1832 auctoritatibus

237 1863 389 1898 notarius
443 1862 536 1903 Quia
556 1860 652 1909 [eta]
678 1882 684 1888 ·
707 1861 776 1895 ET
804 1860 913 1895 EGO
939 1860 1090 1896 Jacobus
1112 1859 1319 1895 Calderwod
1336 1858 1522 1905 presbyter
1544 1857 1693 1904 Glasgu-

236 1924 328 1958 ensis
347 1923 494 1958 diocesis
512 1922 670 1969 publicus
687 1921 891 1956 auctoritate
912 1920 1116 1968 Apostolica
1132 1919 1286 1954 notarius
1335 1918 1428 1960 Quia
1449 1916 1544 1965 [eta]

237 2044 358 2078 Tenor
373 2049 481 2078 status
497 2048 532 2078 et
546 2042 671 2077 saisine
687 2042 879 2077 tenementi
898 2041 1049 2076 Mariote
1072 2041 1330 2076 Hammiltoune
1344 2040 1511 2075 factorum
1530 2039 1694 2085 magistro

238 2103 409 2138 Nicholao
428 2103 690 2151 VVithirspovne
709 2116 772 2150 per
789 2102 984 2139 Johannem
1004 2102 1122 2149 Brady
1141 2107 1176 2137 et
1194 2101 1376 2136 Isabellam
1397 2100 1537 2135 Oswald

237 2191 308 2256 IN
336 2221 426 2255 DEI
452 2221 590 2256 nomine
611 2222 726 2256 Amen
749 2242 755 2248 ·
781 2221 847 2256 Per
865 2221 931 2255 hoc
949 2221 1122 2268 publicum
1146 2220 1410 2254 instrumentum
1430 2218 1562 2253 cunctis
1579 2223 1695 2264 pateat

238 2281 329 2327 quod
343 2293 433 2315 anno
451 2281 696 2315 incarnationis
715 2281 900 2315 Dominice
920 2281 1100 2315 millesimo
1119 2280 1398 2326 quingentesimo
1417 2277 1694 2325 quadragesimo-
