1922 2764
109 1152 166 1183 34.

110 2129 168 2161 35.

614 232 830 268 ORDINIS
861 233 1293 269 PREDICATORUM.
1619 240 1684 276 179

223 348 319 380 firmo
341 366 347 372 ·
372 345 410 380 In
431 344 526 379 cuius
545 343 595 378 rei
615 343 849 378 testimonium
869 343 1017 390 sigillum
1038 357 1152 378 meum
1170 345 1391 391 presentibus
1411 353 1462 381 est
1494 359 1683 394 appensum

221 408 312 454 apud
337 406 473 452 Glasgu
494 426 500 431 -
524 404 580 451 xvj
605 425 611 430 ·
634 404 690 439 die
718 404 846 439 mensis
872 404 955 451 Julij
980 426 986 431 -
1012 405 1118 439 Anno
1145 405 1287 440 Domini
1317 407 1496 442 millesimo
1523 408 1683 454 quadrin-

220 467 414 515 gentesimo
433 465 719 513 quinquagesimo
747 472 847 501 sexto
870 487 875 492 ·
900 466 940 500 In
972 466 1153 513 presencia
1179 466 1344 500 nobilium
1373 473 1408 501 et
1432 468 1682 502 honorabilium

220 529 370 563 virorum
390 527 555 562 videlicet
572 527 743 563 Johannis
763 526 960 561 Lawmwnd
979 527 1097 561 balliui
1113 527 1156 562 de
1173 527 1313 562 Cowale
1349 527 1511 563 Duncani
1531 529 1684 563 Gilberti

219 588 347 623 domini
374 588 416 622 de
447 587 667 635 Achingarth
714 587 878 622 Macolmi
910 588 1085 635 Dowgalli
1133 587 1302 624 „Iohannis
1326 588 1458 623 Gorum
1493 589 1682 637 Mactawys

217 649 386 686 Johannis
416 649 555 684 Steuart
580 649 748 696 prepositi
778 649 820 684 de
844 649 981 696 Glasgu
1026 648 1202 696 Wyllclmi
1222 649 1265 684 de
1287 649 1472 684 Ottirburn
1505 651 1619 684 balliui
1641 651 1683 685 de

221 711 358 757 Glasgu
389 710 506 745 Dauid
542 710 648 757 Hyne
679 710 850 747 Johannis
883 711 1079 745 Macmulan
1111 710 1336 757 burgensium
1367 711 1410 745 de
1441 710 1577 757 Glasgu
1609 724 1683 746 cum

218 772 334 807 multis
353 771 428 818 alijs
451 793 456 798 ·

221 955 327 991 Carta
346 968 407 990 sex
428 955 615 990 solidorum
648 962 683 990 et
710 962 787 990 octo
814 955 1035 990 denariorum
1063 956 1167 1002 annuj
1210 956 1365 991 redditus
1396 969 1458 1004 per
1486 956 1685 992 Donaldum

219 1017 463 1052 Maklachlane
487 1039 492 1043 ·

221 1112 409 1176 Omnibus
428 1142 492 1176 hoc
507 1142 670 1188 scriptum
687 1142 812 1177 visuris
827 1142 881 1176 vel
898 1143 1066 1177 audituris
1089 1165 1094 1170 ·
1119 1143 1302 1178 Donaldus
1321 1143 1558 1179 Maclachlane
1578 1145 1684 1179 domi-

219 1216 283 1237 nus
303 1203 345 1238 de
367 1203 554 1238 Ardlawan
598 1203 749 1238 Salutem
805 1203 986 1238 Noucritis
1004 1217 1058 1239 me
1079 1204 1216 1239 dedisse
1236 1205 1450 1240 concessisse
1471 1212 1505 1240 et
1524 1206 1588 1241 hoc
1606 1220 1681 1253 pre-

218 1265 308 1299 senti
332 1264 460 1312 scripto
479 1277 541 1312 pro
561 1270 634 1299 toto
652 1271 808 1312 tempore
827 1264 898 1299 vite
917 1278 993 1300 mee
1013 1267 1233 1301 confirmasse
1254 1266 1433 1301 Fratribus
1454 1267 1682 1302 Predicatori-

218 1326 282 1361 bus
301 1326 344 1361 de
372 1326 508 1373 Glasgu
535 1326 569 1360 in
588 1338 708 1373 puram
728 1332 764 1361 et
784 1325 873 1373 piam
894 1325 1107 1361 elimosinam
1136 1340 1197 1373 pro
1217 1327 1286 1361 suis
1306 1327 1436 1362 meritis
1456 1334 1491 1362 et
1509 1328 1682 1375 suffragijs

219 1387 350 1422 ordinis
368 1400 430 1435 pro
450 1400 503 1422 me
523 1393 559 1422 et
577 1387 856 1422 antecessoribus
886 1387 970 1422 meis
989 1401 1052 1435 per
1071 1388 1163 1435 ipsos
1182 1388 1305 1423 fiendis
1325 1402 1385 1424 sex
1406 1389 1533 1424 solidos
1549 1396 1584 1424 et
1602 1396 1682 1424 octo

219 1449 380 1483 denarios
398 1449 503 1483 annui
527 1448 686 1484 redditus
704 1449 747 1483 de
767 1448 872 1483 firmis
893 1449 1070 1484 denariate
1090 1456 1183 1484 terre
1203 1462 1279 1484 mee
1304 1450 1346 1484 do
1377 1450 1559 1498 Kylbryde
1587 1451 1684 1485 iuxta

219 1516 367 1544 castrum
387 1522 498 1545 meum
519 1510 562 1545 de
583 1509 861 1545 Castellachlanc
886 1523 949 1557 per
971 1511 1147 1556 predictos
1172 1510 1314 1546 Fratres
1339 1511 1394 1545 vel
1418 1524 1497 1546 suos
1521 1524 1682 1559 procura-

218 1577 312 1606 tores
343 1571 518 1606 annuatim
538 1571 580 1606 ad
611 1571 697 1605 duos
717 1571 797 1606 anni
824 1571 991 1606 terminos
1018 1571 1181 1606 videlicet
1198 1572 1240 1606 ad
1269 1571 1375 1606 Festa
1396 1572 1622 1608 Pentecostes
1648 1579 1682 1607 et

221 1633 337 1667 Sancti
364 1632 509 1667 Martini
538 1633 571 1666 in
603 1645 704 1679 yeme
738 1633 905 1667 leuandos
925 1638 960 1667 et
987 1633 1230 1679 percipiendos
1266 1633 1305 1667 In
1326 1633 1423 1667 cuius
1452 1634 1502 1668 rei
1530 1635 1681 1669 testimo-

218 1693 311 1727 nium
332 1693 481 1740 sigillum
509 1706 621 1728 meum
650 1693 871 1740 presentibus
892 1700 945 1728 est
964 1706 1152 1740 appensum
1189 1694 1279 1741 apud
1311 1694 1447 1741 Glasgu
1469 1716 1474 1721 ·
1499 1696 1569 1741 xvij
1596 1717 1602 1723 ·
1626 1696 1680 1730 die

218 1753 346 1788 mensis
364 1753 447 1800 Julij
491 1754 596 1788 Anno
616 1754 759 1788 Domini
779 1754 962 1789 millesimo
1007 1757 1121 1789 ccccruo
1145 1776 1150 1780 ·
1174 1755 1459 1802 quinquagesimo
1478 1762 1578 1791 sexto

221 1936 509 1983 Transsumptum
529 1944 622 1970 carte
642 1936 915 1971 confirmacionis
931 1936 1083 1970 Donaldi
1103 1936 1345 1971 Maklachlane
1365 1937 1408 1971 de
1427 1938 1549 1973 annuis
1569 1940 1681 1974 reddi-

219 1998 311 2032 tibus
329 1998 363 2032 in
384 1997 541 2044 Argadia

219 2091 274 2157 In
290 2122 428 2157 nomine
444 2122 591 2157 Domini
605 2135 703 2157 amen
742 2122 853 2170 Copia
871 2129 906 2158 et
920 2123 1097 2170 exemplar
1116 2123 1158 2157 ad
1178 2123 1314 2158 modum
1330 2125 1553 2172 transsumpti
1572 2127 1682 2161 cuius-

219 2184 296 2218 dam
315 2190 408 2219 carte
428 2183 577 2230 sigillate
596 2183 710 2231 sigillo
724 2190 761 2218 vt
779 2184 913 2231 aparuit
930 2183 1140 2218 honorabilis
1155 2184 1219 2218 viri
1240 2184 1393 2218 Donaldi
1413 2184 1681 2222 Maklauchlane

219 2244 346 2291 dominj
364 2245 406 2279 de
421 2244 674 2279 Castallachlan
691 2266 697 2272 ·
713 2244 883 2292 michique
899 2245 1033 2279 notario
1048 2244 1185 2291 publico
1200 2244 1422 2292 infrascripto
1440 2258 1503 2292 per
1516 2259 1682 2282 reueren-

219 2306 297 2340 dum
328 2306 362 2340 in
396 2305 476 2353 Xpo
516 2312 649 2352 patrem
681 2312 716 2341 et
748 2306 923 2340 dominum
964 2305 1167 2352 Georgeum
1208 2306 1399 2352 apostolice
1436 2307 1528 2342 sedis
1566 2309 1682 2354 gracia
