1922 2764
754 644 1162 684 MUNIMENTA

360 803 684 842 FRATRUM
721 803 990 842 ORDINIS
1024 802 1559 841 PREDIOATORUM.

230 1023 332 1058 Bulla
351 1023 544 1070 Innocentij
566 1036 653 1070 pape
676 1044 681 1049 ·
707 1036 763 1057 1111
787 1044 792 1049 ·
851 1023 955 1063 Quod
977 1023 1057 1057 licet
1078 1021 1258 1069 Episcopis
1280 1021 1405 1056 fratres
1425 1028 1562 1055 nostros
1581 1021 1691 1055 absol-

230 1098 314 1120 uere
346 1091 381 1119 et
412 1085 502 1119 omni
530 1085 660 1119 eisdem
693 1084 720 1118 si
747 1084 962 1130 indiguerint
997 1083 1199 1130 dispensare
1223 1103 1228 1109 ·
1252 1083 1409 1129 exceptis
1445 1082 1580 1116 casibus
1617 1082 1688 1128 sedj

230 1146 416 1192 apostolice
436 1146 624 1180 reseruatis

173 1317 177 1321 Ι
230 1240 472 1306 Innocentius
507 1270 689 1317 episcopus
726 1283 848 1305 seruus
890 1282 1068 1304 seruorum
1113 1269 1185 1303 Dei
1207 1290 1213 1295 ·
1236 1268 1494 1303 venerabilibus
1529 1266 1692 1301 fratribus

235 1331 517 1379 Archiepiscopis
541 1352 545 1357 -
570 1338 605 1366 et
633 1331 814 1378 Episcopis
837 1353 843 1358 ·
866 1331 908 1365 ad
937 1344 1022 1378 quos
1040 1330 1157 1364 littere
1185 1330 1250 1363 iste
1269 1329 1521 1376 peruenerintl
1541 1327 1693 1362 Salutem

233 1401 267 1427 et
297 1392 518 1439 apostolicam
537 1392 815 1427 benedictionem
840 1413 844 1418 -
871 1392 964 1433 Quia
990 1391 1089 1438 proni
1117 1396 1198 1425 sunt
1226 1390 1267 1424 ab
1286 1389 1521 1424 adolescentia
1547 1387 1694 1422 hominis

233 1467 354 1488 sensus
373 1454 414 1488 ad
434 1454 557 1488 malum
578 1459 614 1488 et
628 1466 707 1488 caro
723 1465 860 1500 semper
877 1452 991 1499 uergit
1004 1453 1038 1486 in
1055 1452 1187 1498 culpam
1206 1460 1214 1487 Ι
1230 1457 1532 1497 quantumcunque
1552 1449 1694 1483 Fratres

232 1514 362 1548 ordinis
384 1514 642 1548 Predicatorum
662 1527 725 1561 pro
745 1526 805 1548 sue
826 1520 943 1548 sancte
963 1512 1143 1559 religionis
1162 1512 1383 1546 obseruantia
1404 1511 1437 1545 in
1458 1511 1605 1546 ecclesia
1627 1510 1694 1544 Dei

230 1575 416 1622 splendere
431 1582 617 1610 noscantur
640 1584 648 1611 Ι
672 1588 716 1610 ex
729 1575 878 1609 humana
895 1581 1008 1609 tamen
1027 1573 1215 1620 fragilitate
1235 1572 1406 1619 contingit
1422 1580 1431 1608 Ι
1447 1572 1538 1618 quod
1558 1571 1694 1618 quidam

232 1649 349 1671 eorum
369 1636 541 1681 interdum
562 1636 737 1670 excedunt
755 1636 788 1669 in
809 1636 945 1670 casibus
967 1635 999 1669 in
1021 1635 1145 1682 quibus
1164 1632 1528 1669 excommunicationis
1556 1638 1694 1666 senten-

232 1698 311 1731 tiam
333 1704 367 1731 et
386 1703 500 1731 notam
528 1696 795 1743 irregularitatis
822 1697 1004 1731 incurrunt
1026 1717 1031 1722 ·
1057 1695 1176 1736 Quare
1204 1694 1303 1729 nobis
1322 1694 1387 1728 fuit
1413 1693 1588 1728 humiliter
1616 1705 1693 1738 sup-

232 1758 393 1804 plicatum
417 1779 422 1784 ·
446 1765 483 1792 ut
508 1770 583 1792 cum
611 1757 750 1791 omnino
777 1770 844 1791 non
874 1757 1038 1803 expediat
1064 1756 1189 1790 talibus
1221 1768 1283 1802 pro
1310 1754 1535 1789 absolutionis
1566 1753 1694 1786 benefi-

233 1818 285 1852 cio
321 1825 356 1852 et
386 1818 665 1864 dispensation[is
699 1816 824 1864 gra]tia
854 1817 1052 1851 obtinendis
1083 1816 1279 1850 discurrere
1311 1836 1317 1841 ·
1350 1827 1393 1848 ne
1425 1814 1481 1848 uel
1513 1813 1563 1847 eis
1594 1813 1696 1846 detur

234 1877 382 1923 uagandi
401 1877 544 1912 materia
565 1898 571 1904 ι
594 1878 651 1912 uel
670 1877 745 1924 alijs
773 1883 893 1912 contra
918 1877 1012 1923 ipsos
1039 1877 1173 1910 occasio
1200 1873 1457 1922 murm[ura]ndi
1479 1895 1485 1900 -
1508 1874 1693 1920 prouidere

234 1951 337 1985 super
363 1938 428 1972 hoc
455 1936 747 1985 [misericor]diter
778 1938 984 1972 deberemus
1007 1958 1012 1963 -
1037 1937 1112 1971 Nos
1139 1936 1245 1982 igitur
1272 1936 1315 1970 de
1342 1934 1552 1969 discretione
1579 1942 1696 1969 uestra

233 1999 370 2045 plenam
391 1999 425 2032 in
455 1999 607 2033 Domino
625 1999 783 2032 fiduciam
811 1998 1009 2032 obtinentes
1025 2006 1034 2033 Ι
1050 1996 1257 2032 fraternitati
1285 2002 1401 2030 uestre
1428 2008 1491 2042 per
1509 1995 1697 2042 apostolica

235 2059 362 2106 scripta
380 2060 578 2094 mandamus
601 2080 607 2085 -
629 2059 789 2105 quatinus
808 2058 935 2105 singuli
954 2064 1107 2092 uestrum
1127 2058 1161 2091 in
1186 2057 1334 2104 proprijs
1353 2056 1548 2091 diocesibus
1569 2056 1695 2090 Fratri-

234 2121 297 2154 bus
325 2120 455 2154 ordinis
482 2120 669 2167 supradicti
688 2119 883 2155 constitutis
906 2119 1034 2153 ibidem
1053 2116 1293 2164 absollution]e
1314 2130 1352 2152 ac
1371 2117 1628 2164 dispensatione
1649 2118 1696 2151 in-

235 2181 433 2225 digentibus
452 2181 525 2215 siue
541 2187 723 2227 antequam
739 2181 781 2215 ad
797 2180 1002 2226 religionem
1017 2179 1211 2214 huiusmodi
1226 2178 1443 2213 conuolarint
1459 2186 1467 2214 l
1485 2178 1557 2212 siue
1576 2185 1696 2224 postea

235 2242 452 2277 excesserint
470 2242 504 2276 in
524 2242 659 2276 casibus
687 2241 892 2288 supradictis
920 2253 996 2276 cum
1018 2241 1059 2275 ab
1080 2241 1129 2275 eis
1147 2239 1282 2274 fueritis
1309 2239 1465 2286 requisiti
1494 2239 1696 2273 auctoritate
