1922 2764
230 355 274 389 36
561 351 716 387 LIBER
744 351 991 388 ECCLESIE
1021 349 1360 386 COLLEGIATE

231 451 360 485 Heriot
378 463 422 484 ex
438 451 567 485 boreali
586 460 593 487 l
612 451 698 485 Item
719 456 863 497 quatuor
883 449 979 483 solidi
1001 447 1105 482 annui
1124 446 1280 481 redditus
1299 445 1342 479 de
1361 450 1560 479 tenemento
1579 457 1684 491 quon-

232 511 307 545 dam
329 511 497 546 Johannis
526 510 603 545 Lok
630 523 721 545 nunc
748 516 861 544 autem
887 509 1033 543 Andree
1060 507 1164 541 Mure
1190 512 1225 540 et
1250 505 1419 542 Johannis
1439 505 1517 539 Lok
1544 511 1624 539 ante
1652 512 1687 540 et

229 577 324 605 retro
351 571 489 617 jacente
517 571 550 605 in
580 571 699 605 eadem
733 570 786 604 via
818 583 861 604 ex
892 575 989 616 parte
1017 567 1222 602 occidentali
1253 566 1344 601 inter
1375 572 1484 600 terras
1516 566 1686 612 quondam

232 631 386 665 Eduardi
420 632 516 666 Scott
546 644 591 665 ex
621 631 750 665 boreali
783 636 818 664 et
845 636 955 664 terras
986 628 1156 675 quondam
1189 626 1393 661 Archibaldi
1421 626 1612 661 W'atsoune
1643 639 1688 660 ex

231 691 370 725 australi
400 700 408 727 s
438 691 525 725 Item
554 691 736 725 duodecim
771 689 871 724 solidi
898 688 1161 723 annuiredditus
1189 687 1232 722 de
1259 692 1458 722 tenemento
1496 687 1687 722 Katherine

233 752 385 785 Armour
403 752 437 785 in
458 751 578 786 eadem
597 751 651 785 via
670 763 715 785 ex
732 756 830 797 parte
850 749 1009 783 orientali
1030 749 1121 783 inter
1139 754 1377 783 tenementum
1393 748 1563 795 quondam
1580 748 1687 782 Cuth-

230 812 319 846 berti
342 812 544 846 Alexander
564 824 609 846 ex
635 811 764 845 boreali
785 817 819 844 et
837 810 1008 856 quondam
1031 809 1179 856 Georgii
1211 809 1335 855 Henry
1355 822 1400 843 ex
1418 808 1558 843 australi
1575 817 1583 844 Ι
1600 808 1686 842 Item

231 879 376 919 quatuor
408 873 508 907 solidi
537 872 641 906 annui
674 871 829 906 redditus
857 871 900 905 de
932 876 1132 904 tenemento
1159 869 1329 916 quondam
1358 869 1523 903 Willelmi
1553 868 1688 915 Glasgu

228 933 366 978 jacente
403 932 434 966 in
468 932 587 966 eadem
620 932 675 965 via
710 944 755 966 ex
790 937 887 978 parte
924 930 1129 965 occidentali
1164 929 1255 964 inter
1290 935 1489 964 tenementa
1518 929 1689 976 quondam

232 993 400 1029 Johannis
417 993 574 1028 Crovnar
590 1006 635 1027 ex
652 992 782 1026 boreali
803 997 837 1026 et
851 997 1088 1026 tenementum
1106 990 1276 1026 ,Iohannis
1297 990 1447 1036 Rankyn
1464 1003 1509 1024 ex
1524 990 1661 1024 australi
1680 999 1688 1026 Ι

234 1054 322 1088 Item
341 1060 473 1101 septem
493 1054 592 1088 solidi
611 1054 714 1088 annui
734 1053 889 1087 redditus
908 1053 952 1086 de
971 1057 1171 1086 tenemento
1190 1051 1361 1097 quondam
1387 1051 1539 1085 Donaldi
1560 1050 1690 1085 Leonis

231 1114 369 1160 jacente
396 1114 430 1148 iu
464 1114 530 1148 Via
559 1114 745 1148 Furearnm
775 1126 819 1148 ex
846 1119 943 1160 parte
971 1112 1131 1147 orientali
1157 1112 1314 1146 clausure
1334 1112 1504 1158 quondam
1521 1111 1690 1147 Johannis

235 1175 409 1209 Menteith
430 1181 465 1209 et
483 1188 573 1209 nunc
591 1174 745 1221 magistri
763 1174 885 1210 Jacobi
908 1173 1068 1208 Salmond
1088 1185 1163 1207 cuni
1182 1178 1279 1219 parte
1299 1171 1439 1206 australi
1457 1178 1493 1206 et
1507 1178 1582 1206 orto
1603 1171 1690 1206 eius-

234 1235 312 1270 dem
330 1236 496 1270 tendente
524 1235 567 1269 ad
595 1235 828 1281 Malyndonar
857 1234 903 1268 Et
928 1233 1170 1268 indifferenter
1189 1233 1232 1267 de
1251 1245 1319 1267 vna
1339 1245 1418 1267 acra
1435 1239 1528 1267 terre
1553 1232 1691 1279 jacente

235 1307 342 1342 prope
364 1295 549 1341 Kynclaith
579 1295 611 1328 in
641 1294 883 1329 Brvmelandis
910 1300 1030 1328 vocata
1047 1302 1055 1330 l
1074 1294 1233 1328 Halklaw
1251 1293 1367 1329 linter
1393 1299 1504 1328 terras
1531 1293 1689 1327 Fratrum

237 1356 496 1390 Predicatorum
527 1356 676 1390 ciuitatis
707 1355 939 1401 Glasguensis
970 1367 1015 1389 ex
1042 1354 1247 1389 occidentali
1279 1360 1314 1388 et
1343 1360 1456 1388 terras
1488 1366 1581 1388 meas
1612 1353 1691 1387 olim

236 1411 433 1463 spectantes
451 1416 604 1450 Domino
623 1416 666 1450 de
687 1416 936 1461 Montgomery
955 1428 1000 1449 ex
1018 1415 1177 1461 orientali
1194 1424 1202 1450 l
1220 1415 1307 1449 Item
1327 1414 1447 1448 decem
1466 1414 1566 1448 solidi
1588 1414 1691 1448 annui

236 1477 392 1526 redditus
411 1477 454 1511 de
473 1482 673 1511 tenemento
700 1476 872 1522 quondam
893 1475 1079 1510 Cuthberti
1099 1475 1281 1510 Crawfurd
1305 1476 1443 1521 jacente
1465 1475 1499 1508 in
1520 1475 1589 1509 Via
1606 1475 1692 1509 Fur-

237 1550 352 1572 carum
388 1550 433 1572 ex
467 1543 563 1584 parte
599 1536 758 1571 orientali
794 1536 949 1571 eiusdem
984 1536 1075 1570 inter
1110 1541 1309 1570 tenementa
1343 1535 1514 1581 quondam
1546 1535 1692 1570 Bessete

241 1599 387 1632 Stewart
413 1605 448 1632 et
474 1611 565 1632 nune
583 1597 705 1633 Jacobi
726 1597 907 1630 IVilsoune
927 1609 972 1630 ex
990 1596 1195 1631 occidentali
1215 1602 1250 1630 et
1267 1602 1503 1630 tenementum
1522 1596 1693 1642 quondam

237 1658 407 1694 Johannis
440 1658 568 1692 Lowke
597 1670 641 1692 ex
668 1657 958 1693 orientalilItem
989 1656 1169 1690 duodecim
1201 1655 1302 1690 solidi
1332 1656 1437 1690 annui
1466 1656 1623 1690 redditus
1650 1656 1693 1691 de

239 1719 347 1753 tribus
383 1719 569 1764 aggeribus
604 1724 773 1753 terrarum
808 1717 1003 1764 jacentibus
1037 1716 1073 1751 in
1109 1715 1305 1763 Cropnesto
1345 1716 1579 1763 spectantibus
1614 1716 1694 1750 olim

244 1779 455 1813 Archibaldo
482 1779 748 1813 Harbertsoune
767 1784 802 1813 et
820 1790 912 1812 nunc
935 1777 1087 1813 Johanni
1114 1777 1380 1812 Harbertsoune
1405 1777 1495 1811 inter
1513 1782 1624 1812 terras
1642 1790 1694 1812 ca-

239 1840 388 1886 pellanie
407 1841 531 1874 Sancte
548 1840 674 1874 Teneu
690 1851 734 1873 ex
747 1838 907 1873 orientali
922 1844 958 1873 et
972 1838 1131 1873 Fratrum
1148 1837 1407 1872 Predieatorum
1423 1837 1695 1885 Glasguensium

242 1912 286 1934 ex
313 1900 518 1935 occidentali
546 1900 700 1946 partibus
727 1908 736 1935 Ι
763 1899 851 1933 Item
879 1898 922 1933 de
949 1904 1150 1933 tenemento
1179 1897 1315 1933 Thome
1348 1897 1513 1932 Arbukill
1539 1904 1575 1933 et
1604 1911 1696 1933 nunc

242 1960 370 1994 domini
392 1960 535 1995 Andree
558 1960 686 1994 Heriot
703 1959 771 1993 duo
797 1959 897 1994 solidi
923 1959 1029 1993 annui
1053 1958 1211 1993 redditus
1234 1959 1372 2005 jacente
1391 1959 1426 1993 in
1445 1959 1500 1993 via
1517 1971 1583 2005 que
1602 1959 1697 1994 ducit

243 2032 262 2054 a
280 2019 375 2054 Loco
394 2021 553 2055 Fratrum
582 2019 842 2055 Predicatorum
869 2019 912 2054 ad
932 2019 1080 2055 Crucem
1108 2019 1267 2054 Foralem
1296 2032 1340 2054 ex
1365 2025 1464 2066 parte
1491 2019 1697 2054 occidentali

243 2080 397 2114 eiusdem
416 2081 505 2115 inter
524 2087 724 2116 tenementa
741 2080 913 2127 quondam
931 2079 1079 2115 Andree
1100 2080 1223 2126 Somyr
1243 2092 1288 2114 ex
1306 2079 1447 2114 australi
1467 2086 1502 2115 et
1519 2086 1696 2114 tenemen-

244 2146 315 2173 tum
342 2141 512 2186 quondam
538 2141 661 2177 Jacobi
688 2141 895 2175 Pincartone
923 2153 968 2175 ex
993 2140 1125 2175 boreali
1141 2149 1149 2176 s
1166 2140 1254 2175 Item
1274 2140 1393 2175 decem
1420 2140 1521 2175 solidi
1539 2141 1582 2175 de
1601 2146 1696 2176 tene-

245 2206 361 2234 mento
388 2201 558 2246 quondam
584 2201 675 2235 bone
702 2200 866 2235 memorie
895 2200 1051 2247 magistri
1081 2200 1226 2236 Andree
1256 2201 1402 2236 Stewart
1428 2201 1585 2236 Candide
1606 2200 1695 2235 Case

246 2259 476 2294 archidiaconi
507 2266 541 2295 et
571 2273 662 2295 nunc
694 2267 872 2307 spectante
903 2261 1093 2308 capellanie
1125 2261 1280 2296 eiusdem
1311 2261 1401 2307 apud
1436 2261 1542 2296 altare
1581 2261 1696 2295 Sancti

248 2320 458 2366 Kentigerni
484 2321 517 2354 in
545 2321 625 2355 naui
652 2321 799 2355 ecclesie
830 2321 1061 2367 Glasguensis
1087 2321 1123 2355 in
1150 2322 1271 2356 eadem
1297 2322 1354 2356 via
1380 2334 1423 2356 ex
1453 2322 1570 2356 eadem
1599 2329 1696 2367 parte

245 2381 336 2415 inter
354 2386 590 2416 tenementum
618 2381 789 2427 quondam
814 2381 983 2416 ,Iohannis
1004 2381 1121 2428 Curry
1140 2387 1175 2417 et
1192 2394 1285 2417 nune
1304 2381 1440 2416 Thome
1461 2382 1695 2416 Androsoune
