1922 2764
222 246 268 282 94
550 241 705 277 LIBER
732 242 979 278 ECCLESIE
1009 242 1348 278 COLLEGIATE

222 339 411 374 Moresone
430 339 615 386 presbyter
637 339 868 386 Glasguensis
886 340 1033 375 diocesis
1052 341 1209 387 publicus
1229 353 1324 375 sacra
1342 340 1545 376 auctoritate
1566 341 1678 388 Apos-

223 400 327 434 tolica
345 399 497 434 notarius
551 400 644 441 Quia
665 399 760 447 [eta]

224 547 293 613 IN
314 578 404 613 DEI
423 579 631 614 NOMINE
650 579 763 614 Amen
783 598 789 603 ·
809 579 874 614 Per
885 580 949 613 hoc
963 579 1133 626 publicum
1146 579 1410 614 instrumentum
1422 580 1554 615 eunctis
1566 587 1681 628 pateat

224 640 316 686 quod
342 652 432 673 anno
459 640 703 674 incarnationis
732 640 915 674 Dominiee
942 640 1121 674 millesimo
1144 639 1422 686 quingentesimo
1449 641 1680 687 trigesimose-

225 700 337 734 cundo
356 700 411 735 die
430 713 515 735 vero
533 701 651 735 vltimo
669 701 796 735 mensis
824 700 908 734 Maii
927 709 935 736 Ι
952 701 992 734 In
1012 700 1078 734 mei
1096 700 1221 735 notarii
1240 701 1367 748 publici
1386 708 1422 736 et
1439 702 1577 736 testium
1603 703 1681 737 sub-

225 761 429 807 scriptorum
448 761 624 807 presentia
642 761 871 807 personaliter
890 761 1076 795 constituta
1090 761 1240 796 discreta
1254 762 1375 796 mulier
1396 762 1546 797 Mariota
1566 763 1656 797 Reid
1672 773 1681 799 Ι

226 834 351 868 sponsa
367 821 536 857 Johannis
556 821 740 867 Makewyn
758 834 831 855 cum
848 833 1015 867 expresso
1030 833 1201 856 consensu
1217 821 1370 856 eiusdem
1389 822 1558 858 ,Iohannis
1575 831 1583 859 Ι
1599 835 1681 858 ven-

225 882 312 916 didit
324 882 487 929 magistro
498 882 629 917 Jacobo
645 882 852 916 Houstoune
866 882 1063 916 subdecano
1077 882 1290 929 Glasguensi
1307 891 1316 919 Ι
1331 883 1475 929 triginta
1486 883 1613 918 solidos
1625 896 1682 918 an-

225 942 284 976 nui
299 943 454 977 redditus
469 943 512 977 de
527 942 623 977 totali
640 949 675 976 et
693 942 831 989 integra
845 942 1068 977 dimedietate
1083 943 1193 977 tocius
1208 944 1398 978 tenementi
1414 949 1479 978 tam
1501 944 1683 978 anterioris

225 1016 325 1049 quam
344 1004 545 1050 posterioris
560 1016 634 1038 cum
651 1009 727 1038 orto
742 1009 777 1038 et
795 1003 1015 1050 pertinentiis
1031 1003 1178 1049 jacentis
1200 1003 1232 1037 in
1249 1003 1388 1038 ciuitate
1407 1003 1620 1051 Glasguensi
1638 1017 1683 1039 ex

225 1064 384 1098 orientali
403 1071 499 1111 parte
519 1064 707 1098 eommunis
727 1064 792 1098 vici
812 1064 965 1098 eiusdem
985 1064 1076 1098 inter
1094 1069 1205 1098 terras
1224 1064 1297 1098 siue
1316 1070 1516 1098 tenementa
1536 1064 1683 1099 Roberti

228 1125 347 1170 Roger
362 1137 405 1159 ex
420 1125 559 1159 australi
572 1131 607 1159 et
622 1125 793 1171 quondam
808 1124 956 1159 Roberti
970 1124 1082 1159 Adam
1096 1137 1138 1159 ex
1154 1125 1283 1159 boreali
1298 1125 1452 1172 partibus
1468 1133 1477 1161 Ι
1493 1125 1657 1160 videlicet
1672 1134 1681 1161 l

225 1185 268 1219 de
287 1185 426 1220 australi
446 1192 542 1232 parte
562 1185 672 1220 tocius
691 1185 773 1220 dicti
793 1185 983 1220 tenementi
1002 1198 1077 1220 cum
1096 1191 1172 1219 orto
1191 1192 1226 1220 et
1246 1185 1466 1232 pertinentiis
1483 1194 1491 1222 l
1507 1186 1681 1220 annuatim

224 1245 362 1280 leuandi
381 1259 443 1292 per
462 1246 571 1292 ipsum
591 1246 792 1292 magistrum
810 1246 978 1281 Jacobum
997 1251 1033 1280 et
1051 1258 1130 1280 suos
1149 1245 1341 1291 assignatos
1359 1258 1421 1293 pro
1440 1252 1535 1280 certa
1553 1259 1682 1280 summa

224 1306 371 1353 pecunie
398 1307 575 1353 persoluta
601 1307 665 1341 sibi
695 1306 844 1340 Mariote
872 1319 934 1352 per
961 1306 1089 1340 dictum
1116 1306 1315 1352 magistrum
1333 1306 1500 1341 Jacobum
1517 1314 1526 1342 l
1545 1306 1681 1346 Quibus

224 1367 401 1414 premissis
429 1367 476 1401 sie
494 1367 592 1402 factis
619 1367 740 1401 eadem
769 1367 918 1401 Mariota
942 1367 1069 1401 dietum
1088 1379 1238 1401 annuum
1265 1366 1436 1401 redditum
1464 1367 1497 1400 in
1525 1367 1681 1401 manibus

228 1427 376 1473 Georgii
396 1428 515 1461 Burell
543 1427 642 1461 vuius
669 1427 872 1462 balliuorum
901 1427 992 1462 dicte
1019 1427 1167 1462 ciuitatis
1193 1427 1226 1461 in
1246 1427 1399 1461 fauorem
1418 1427 1498 1461 dicti
1527 1428 1681 1473 magistri

224 1486 345 1523 Jacobi
375 1488 583 1522 Houstoune
609 1488 802 1534 resignauit
822 1496 830 1523 l
854 1487 933 1527 Quo
962 1487 1112 1522 Mariota
1141 1487 1173 1521 in
1201 1487 1357 1521 absentia
1382 1487 1463 1521 dieti
1491 1487 1543 1521 sui
1570 1488 1680 1522 mariti

226 1561 340 1583 coram
359 1549 451 1583 dicto
469 1548 596 1582 balliuo
615 1548 793 1595 corporale
812 1548 964 1594 prestitit
985 1548 1219 1594 juramentum
1237 1548 1329 1594 quod
1347 1560 1415 1582 non
1434 1549 1547 1583 fuerat
1565 1554 1682 1583 coacta

226 1610 268 1644 ad
295 1610 461 1656 premissa
479 1609 672 1644 faciendum
699 1609 761 1643 sed
788 1615 910 1655 sponte
930 1615 965 1643 et
984 1608 1177 1643 voluntarie
1200 1608 1282 1642 fecit
1308 1614 1344 1642 et
1370 1621 1406 1642 se
1433 1621 1605 1655 nunquam
1633 1609 1683 1643 in-

227 1670 433 1705 contrarium
453 1670 696 1716 premissorum
712 1669 878 1704 deuenire
897 1669 1053 1716 promisit
1070 1678 1078 1705 l
1096 1669 1233 1709 Quibus
1252 1669 1300 1703 sic
1314 1668 1412 1703 factis
1430 1669 1519 1703 idem
1535 1669 1682 1703 balliuus

227 1736 352 1765 statum
371 1736 406 1764 et
424 1730 582 1764 saisinam
603 1729 685 1764 dieti
706 1729 810 1764 annui
837 1729 993 1764 redditus
1020 1729 1084 1764 sibi
1110 1729 1275 1776 magistro
1301 1729 1432 1765 Jacobo
1451 1729 1657 1764 deliberauit
1674 1738 1682 1765 l

228 1791 274 1826 Et
292 1791 349 1837 qui
368 1791 533 1837 magister
550 1790 702 1826 Jacobus
721 1790 845 1824 iterato
863 1790 991 1824 dietum
1010 1802 1159 1824 annuum
1178 1789 1351 1824 redditum
1371 1789 1404 1822 in
1425 1789 1580 1824 manibus
1599 1789 1682 1824 dicti

226 1852 344 1887 balliui
362 1851 554 1898 resignauit
572 1851 605 1885 in
625 1851 778 1885 fauorem
801 1851 934 1897 prefate
956 1850 1058 1884 Noue
1078 1850 1236 1884 Ecclesie
1258 1850 1441 1884 Beatarum
1469 1849 1581 1884 Marie
1602 1849 1683 1883 Vir-

228 1913 318 1959 ginis
337 1920 372 1947 et
392 1912 497 1946 Anne
516 1912 633 1946 matris
659 1911 732 1946 eius
756 1920 764 1947 Ι
787 1911 998 1945 reseruando
1025 1910 1089 1944 sibi
1116 1910 1499 1944 liberumtenementum
1519 1916 1554 1944 et
1571 1922 1683 1944 vsum—

228 1972 397 2007 fruetuum
427 1985 571 2006 vnacum
602 1971 827 2019 dispositione
858 1984 922 2018 pro
951 1977 1025 2005 toto
1055 1977 1210 2017 tempore
1242 1970 1312 2004 vite
1345 1983 1405 2004 sue
1432 1991 1438 1996 ·
1468 1970 1605 2010 Quibus
1636 1970 1683 2005 sio

228 2033 326 2067 factis
352 2033 442 2067 idem
469 2033 615 2067 balliuus
642 2033 685 2067 de
709 2032 870 2066 mandato
888 2031 969 2066 dicti
998 2031 1152 2078 magistri
1177 2030 1300 2066 Jacobi
1327 2036 1452 2064 statum
1472 2037 1507 2065 et
1525 2030 1683 2065 saisinam

231 2093 313 2127 dieti
331 2093 435 2127 annui
461 2093 617 2127 redditus
636 2093 775 2127 domino
795 2092 929 2127 Thome
953 2092 1126 2138 Flemyng
1152 2091 1360 2138 presbytero
1387 2091 1525 2125 nomine
1552 2091 1684 2137 prefate

232 2152 378 2186 ecclesie
405 2153 612 2187 deliberauit
639 2174 644 2179 ·
678 2152 903 2187 Presentibus
928 2152 1056 2187 ibidem
1081 2151 1295 2186 Arehibaldo
1324 2151 1590 2186 Harbertsoune
1620 2151 1686 2185 Mi-

232 2212 349 2247 chaele
369 2212 541 2259 Flemyng
566 2213 726 2248 ,Iohanne
747 2212 906 2247 Maknair
923 2212 1083 2248 ‚Iohanne
1104 2211 1296 2246 Allasoune
1316 2217 1351 2245 et
1368 2210 1527 2246 Johanne
1549 2211 1685 2245 Walcar

233 2272 393 2307 seriando
415 2293 421 2299 ·
444 2272 512 2306 ET
540 2272 648 2307 EGO
673 2273 852 2308 Johannes
870 2272 1060 2306 Moresone
1084 2272 1269 2318 presbyter
1291 2271 1521 2317 Glasguensis
1539 2271 1685 2305 diocesis

233 2333 390 2379 publicus
410 2345 505 2366 sacra
523 2332 726 2367 auctoritate
747 2331 950 2379 Apostoliea
968 2331 1121 2366 notarius
1175 2331 1266 2371 Quia
1287 2328 1382 2376 [eta]
