1922 2764
225 282 246 316 6
557 279 712 314 LIBER
741 279 988 315 ECCLESIE
1017 278 1186 315 COLLE
1193 277 1356 313 GIATE

227 589 523 657 VNIUERSIS
551 628 586 656 et
610 621 754 668 singulis
781 627 898 655 sancte
926 618 1043 653 matris
1068 616 1215 651 ecclesie
1238 616 1317 650 filiis
1342 622 1524 663 presentes
1549 616 1681 651 litteras

228 683 436 730 inspecturis
455 683 579 717 visuris
598 681 739 716 lecturis
758 681 887 728 pariter
914 686 949 714 et
975 677 1142 713 audituris
1197 676 1434 712 GAUINUS
1460 677 1681 712 miseratione

229 744 346 778 diuina
362 743 655 790 Archiepiscopus
673 741 903 787 Glasguensis
949 739 1100 775 Salutem
1116 738 1150 772 in
1165 737 1315 772 omnium
1337 737 1515 772 Saluatore
1561 738 1682 785 Splen-

230 804 292 838 dor
317 810 462 851 paterne
489 803 599 849 glorie
619 803 676 849 qui
696 815 756 836 sua
779 801 943 835 mundum
970 799 1140 834 illuminat
1163 798 1329 833 ineffabili
1348 798 1502 833 claritate
1528 799 1584 845 pia
1603 805 1682 834 vota

229 865 382 899 fidelium
401 865 443 899 de
463 877 523 899 sue
544 863 730 898 maiestatis
749 862 932 897 clementia
950 867 1032 896 tunc
1050 860 1203 906 benigno
1221 859 1341 894 fauore
1359 859 1580 906 prosequitur
1606 873 1681 895 cum

231 926 357 960 deuota
383 925 533 971 ipsorum
561 923 732 958 humilitas
752 929 787 958 et
806 923 960 957 sincerus
980 922 1123 956 affectus
1141 921 1175 954 in
1195 920 1303 954 diuini
1322 920 1434 954 cultus
1459 927 1681 967 augmentum

230 986 368 1020 feruere
387 990 576 1019 noscuntur
627 984 703 1019 Nos
722 996 857 1031 quoque
877 984 920 1018 de
940 982 1073 1030 superis
1092 982 1134 1016 ad
1153 982 1317 1016 inferiora
1341 981 1496 1015 diriuatis
1516 982 1684 1028 exemplis

231 1047 295 1094 piis
314 1046 496 1082 desideriis
518 1046 688 1093 justisque
708 1046 973 1093 supplicantium
999 1045 1160 1092 precibus
1179 1057 1264 1091 quos
1282 1044 1368 1078 fides
1387 1057 1466 1091 spes
1485 1050 1521 1079 et
1537 1044 1683 1079 charitas

231 1109 273 1142 ad
292 1107 486 1142 deuotionis
514 1107 672 1141 affectum
696 1115 731 1141 et
749 1106 857 1140 diuini
876 1106 988 1141 cultus
1015 1111 1237 1151 augmentum
1264 1104 1428 1139 continue
1455 1104 1684 1140 sollicitarunt

231 1175 269 1202 vt
287 1169 329 1202 ad
347 1167 492 1214 gratiam
511 1167 666 1214 dispositi
687 1172 722 1202 et
739 1167 782 1201 ad
808 1167 953 1213 gloriam
980 1165 1115 1200 inuitati
1142 1165 1176 1199 in
1204 1165 1269 1212 piis
1288 1165 1420 1200 actibus
1437 1165 1630 1200 feruentius
1649 1172 1685 1201 et

231 1229 413 1263 instantius
439 1234 668 1275 perseuerent
693 1234 759 1262 tam
786 1228 885 1274 vigor
912 1235 947 1262 et
972 1227 1133 1274 equitatis
1159 1226 1277 1261 feruor
1303 1239 1403 1273 quam
1430 1226 1572 1261 rationis
1599 1227 1683 1262 ordo

230 1290 348 1324 fauere
379 1302 441 1323 nos
468 1289 635 1324 inducunt
663 1289 708 1323 Et
735 1301 810 1323 cum
838 1295 961 1323 cuncta
991 1288 1090 1322 nobis
1121 1287 1268 1322 ecclesie
1300 1287 1431 1334 capelle
1459 1293 1494 1322 et
1519 1287 1595 1322 loca
1621 1289 1684 1323 sub

236 1350 436 1385 Sanctorum
463 1349 605 1384 fundata
623 1356 658 1384 et
676 1349 793 1384 dotata
816 1349 991 1383 vocabulis
1017 1348 1074 1395 pia
1100 1348 1285 1383 deuotione
1308 1348 1459 1382 fidelium
1487 1348 1555 1383 sint
1581 1361 1684 1384 vene-

234 1410 341 1445 randa
366 1410 424 1444 illa
449 1416 563 1444 tamen
590 1422 656 1456 que
682 1410 716 1444 in
742 1410 873 1444 honore
901 1421 1037 1456 semper
1057 1408 1215 1455 Virginis
1244 1407 1356 1442 Marie
1384 1408 1454 1443 Dei
1482 1414 1518 1443 et
1543 1409 1685 1443 Domini

234 1470 343 1505 nostri
369 1470 478 1506 Jhesu
499 1469 630 1505 Christi
656 1470 835 1516 genitricis
863 1476 898 1504 et
921 1469 1026 1504 Anne
1054 1469 1170 1503 matris
1198 1469 1271 1503 eius
1298 1468 1482 1503 Beatarum
1509 1471 1685 1506 vocabulis

235 1531 392 1565 dedicata
430 1537 618 1565 noscuntur
653 1543 695 1565 eo
731 1543 776 1565 ex
810 1530 993 1565 celebriori
1030 1529 1193 1564 memoria
1227 1530 1391 1564 conuenit
1424 1531 1584 1565 venerari
1619 1544 1686 1578 quo

235 1591 407 1626 Dominus
425 1598 544 1625 noster
561 1591 688 1627 Jhesus
709 1591 869 1626 Christus
888 1591 1074 1625 earundem
1098 1590 1211 1624 Marie
1238 1590 1418 1636 genitricis
1445 1604 1505 1626 sue
1525 1598 1560 1626 et
1579 1592 1685 1627 Anne

235 1652 352 1686 matris
383 1651 456 1686 eius
486 1651 646 1698 precibus
674 1658 709 1686 et
734 1651 1040 1686 intercessionibus
1072 1651 1299 1685 immediatius
1326 1657 1361 1686 et
1390 1652 1578 1698 perfectius
1607 1660 1685 1688 vota

235 1712 387 1747 fidelium
405 1712 557 1758 dirigere
584 1718 619 1746 et
645 1712 688 1746 ad
714 1712 858 1758 gratiam
887 1711 1117 1746 exauditionis
1145 1711 1326 1746 admittere
1354 1712 1467 1746 valeat
1494 1712 1683 1748 LITTERAS

235 1773 341 1820 igitur
367 1773 615 1808 venerabilium
635 1779 670 1808 et
687 1773 927 1819 religiosorum
946 1772 1097 1806 virorum
1124 1772 1337 1806 dominorum
1360 1772 1555 1807 Alexandri
1581 1773 1686 1808 Ham-

235 1834 379 1868 miltoun
406 1834 538 1868 abbatis
565 1840 600 1868 et
626 1840 818 1868 conuentus
846 1833 1051 1867 Monasterii
1076 1833 1119 1867 de
1148 1832 1385 1879 Kilwynnyng
1413 1833 1542 1868 ordinis
1571 1834 1687 1870 Sancti

238 1894 419 1929 Benedicti
438 1902 555 1929 nostre
574 1894 804 1941 Glasguensis
819 1894 967 1928 diocesis
985 1925 986 1928 ,
1007 1899 1230 1940 patronorum
1244 1894 1467 1940 parrochialis
1482 1895 1629 1930 ecclesie
1644 1896 1686 1930 de

238 1955 351 2002 Dalry
370 1955 523 1990 eiusdem
542 1955 689 1990 diocesis
706 1964 713 1991 l
728 1967 863 1989 necnon
883 1954 1208 2001 circumspectorum
1227 1961 1263 1989 et
1288 1955 1509 2001 egregiorum
1536 1956 1686 1991 virorum

238 2016 478 2061 magistrorum
495 2015 617 2051 Jacobi
646 2015 853 2049 Houstoune
882 2015 1068 2049 subdecani
1087 2014 1234 2049 ecclesie
1252 2015 1516 2062 metropolitane
1538 2016 1687 2064 Glasgu-

240 2075 331 2110 ensis
346 2086 356 2111 f
373 2075 523 2122 Collegii
540 2076 749 2122 infrascripti
762 2075 919 2122 erigendi
932 2075 1032 2122 primi
1045 2076 1236 2110 fundatoris
1255 2082 1291 2110 et
1308 2076 1474 2110 dotatoris
1489 2086 1495 2113 ,Ι
1513 2089 1551 2112 ac
1571 2077 1687 2112 Chris-

240 2135 341 2170 tofori
358 2135 458 2181 Boyd
472 2137 631 2183 perpetui
647 2136 763 2170 vicarii
777 2136 868 2170 dicte
883 2136 1106 2183 parrochialis
1125 2136 1271 2171 ecclesie
1290 2136 1333 2171 de
1349 2136 1463 2183 Dalry
1478 2147 1487 2173 s
1505 2139 1688 2172 communi-

241 2197 304 2230 bus
336 2195 503 2230 dictorum
530 2196 744 2231 dominorum
775 2197 907 2231 abbatis
938 2203 974 2231 et
1004 2203 1196 2232 conuentus
1228 2197 1434 2232 Monasterii
1461 2198 1625 2233 antedicti
1651 2212 1690 2234 ac

241 2256 264 2292 J
266 2256 363 2291 acobi
382 2256 568 2290 subdecani
583 2262 619 2291 et
634 2257 841 2291 ChrIstofori
855 2257 973 2292 vicarii
991 2258 1151 2304 perpetui
1166 2271 1337 2293 armorum
1355 2258 1478 2306 sigillis
1495 2260 1690 2306 respectiue

245 2316 410 2363 sigillatas
429 2335 435 2340 ·
452 2316 546 2363 pium
564 2323 600 2351 et
617 2317 788 2352 laudabile
807 2318 938 2352 abbatis
965 2324 1001 2352 et
1027 2325 1218 2353 conuentus
1245 2332 1284 2353 ac
1308 2319 1429 2355 Jacobi
1449 2320 1635 2354 subdecani
1656 2327 1691 2355 et
