1922 2764
164 2215 217 2247 18.

267 264 332 300 160
678 263 1008 299 MUNIMENTA
1035 263 1294 298 FRATRUM

264 436 384 470 Litere
406 435 516 482 Regis
535 435 652 470 David
670 448 733 483 pro
752 435 969 483 protectione
989 435 1151 472 Fratrum
1173 455 1178 460 ·

264 530 405 597 Dauid
436 561 508 597 Dei
537 562 655 608 gracia
682 561 763 596 Rex
792 561 987 596 Scottorum
1009 580 1015 586 ·
1038 580 1043 586 ·
1068 559 1239 593 Omnibus
1266 559 1382 605 probis
1401 559 1596 594 hominibus
1614 559 1725 594 tocius

264 630 358 659 terre
390 636 451 659 sue
474 645 480 651 ·
505 624 658 659 Salutem
680 644 686 650 ·
709 642 716 649 ·
740 622 862 658 Sciatis
893 634 955 656 nos
985 621 1168 668 religiosos
1195 621 1287 655 viros
1310 642 1316 647 -
1341 621 1495 657 Priorem
1523 629 1559 657 et
1584 622 1726 656 Fratres

266 685 396 719 ordinis
416 684 675 720 Predicatorum
692 693 701 720 Ι
717 683 760 718 de
779 683 915 729 Glasgu
937 703 942 708 ·
966 689 1076 717 terras
1096 695 1174 717 suas
1196 703 1201 709 ·
1223 682 1380 718 homines
1399 696 1478 718 suos
1497 690 1532 718 et
1546 683 1725 718 Vniuersas

267 746 456 781 eorundem
475 745 714 793 possessiones
731 753 739 780 l
756 756 794 778 ac
813 743 927 778 omnia
944 743 1035 777 bona
1063 756 1122 777 sua
1140 743 1279 778 mobilia
1297 749 1333 778 et
1350 744 1535 778 immobilia
1557 765 1562 770 -
1586 745 1726 779 ecclesi-

267 808 372 843 astica
391 814 426 842 et
443 807 615 842 mundana
637 827 642 832 -
666 806 729 840 sub
747 806 844 840 firma
861 818 946 853 pace
966 811 1001 840 et
1019 805 1236 852 protectione
1260 811 1378 840 nostra
1395 806 1484 840 iuste
1504 806 1697 853 suscepisse
1721 827 1726 833 ·

270 869 389 910 Quare
407 868 551 903 firmiter
568 867 791 915 prohibemus
809 879 854 901 ne
873 866 948 913 quis
973 866 1022 900 eis
1041 866 1165 900 malum
1189 886 1193 891 ›
1217 866 1408 901 molestiam
1430 887 1435 893 ·
1459 879 1521 901 seu
1538 879 1726 913 grauamen

266 930 405 977 aliquod
423 929 552 963 inferre
570 933 746 975 presumat
763 927 889 962 iniuste
912 948 918 954 ·
941 940 1046 974 super
1064 933 1216 962 nostram
1241 927 1429 974 plenariam
1448 927 1699 962 forisfacturam
1721 948 1727 954 ·

269 990 514 1026 Concessimus
533 990 639 1024 eciam
659 989 788 1024 eisdem
806 998 815 1026 l
831 995 868 1024 vt
886 989 1001 1023 nullus
1027 1001 1146 1023 namos
1172 1001 1252 1023 suos
1269 997 1277 1024 l
1294 995 1352 1024 aut.
1369 989 1542 1023 hominum
1563 1002 1701 1024 suorum
1719 997 1727 1025 l

267 1052 380 1099 capiat
397 1064 459 1099 pro
478 1050 620 1086 alicuius
648 1050 766 1085 debito
788 1071 794 1077 ·
816 1050 993 1098 plegiagio
1016 1071 1021 1076 ·
1044 1050 1101 1085 vel
1126 1050 1302 1085 forisfacto
1324 1071 1329 1077 ·
1353 1051 1418 1085 nisi
1445 1063 1508 1097 pro
1538 1051 1726 1085 eorundem

267 1113 407 1161 proprio
426 1112 543 1148 debito
565 1133 571 1139 ·
594 1112 770 1159 plegiagio
788 1111 843 1147 vel
872 1111 1049 1147 forisfacto
1072 1132 1077 1138 ·
1103 1111 1214 1146 Saluis
1241 1111 1361 1158 burgis
1387 1112 1514 1147 nostris
1537 1133 1542 1138 -
1565 1112 1728 1147 Firmiter

267 1174 464 1208 inhibentes
486 1194 492 1200 ·
516 1185 559 1208 ne
578 1172 654 1220 quis
680 1173 774 1220 ipsos
793 1179 913 1208 contra
939 1173 1027 1207 hanc
1054 1179 1205 1208 nost-ram
1224 1173 1484 1208 concessionem
1503 1186 1631 1208 vexare
1650 1187 1727 1221 pre-

267 1241 378 1270 sumat
391 1234 517 1269 iniuste
540 1255 546 1260 -
570 1247 674 1281 super
689 1234 834 1269 eandem
849 1240 1000 1269 nostram
1015 1234 1204 1282 plenariam
1218 1235 1468 1270 forisfacturam
1491 1256 1497 1261 ·
1522 1235 1728 1270 Mandamus

266 1297 408 1343 insuper
423 1302 458 1330 et
475 1296 619 1330 firmiter
638 1296 846 1343 precipimus
869 1316 875 1322 -
895 1295 1095 1342 justiciariis
1117 1317 1123 1322 ·
1147 1296 1406 1331 vicecomitibus
1429 1318 1434 1322 -
1458 1297 1642 1343 prepositis
1665 1318 1671 1324 -
1694 1304 1729 1332 et

265 1370 384 1392 eorum
402 1357 538 1392 balliuis
560 1377 566 1383 ·
589 1357 631 1391 ad
658 1369 744 1404 quos
770 1363 953 1404 presentes
980 1357 1081 1392 litere
1108 1357 1337 1404 peruenerint
1359 1378 1364 1383 ·
1388 1364 1425 1392 vt
1451 1370 1570 1392 omnes
1596 1358 1673 1392 illos
1692 1358 1725 1392 in

265 1431 384 1452 eorum
403 1417 514 1464 ballijs
542 1430 603 1452 seu
631 1417 751 1463 burgis
776 1417 833 1464 qui
861 1417 979 1452 debita
1007 1418 1137 1453 debent
1166 1418 1295 1453 eisdem
1316 1419 1495 1453 Fratribus
1518 1441 1523 1446 -
1547 1419 1588 1454 ad
1608 1419 1726 1454 eadem

266 1480 383 1515 debita
401 1479 537 1514 sibive]
559 1492 620 1514 suo
639 1485 735 1514 certo
762 1484 935 1514 attornato
962 1479 1062 1514 latori
1092 1480 1311 1526 presencium
1329 1489 1337 1516 l
1353 1481 1442 1515 iuste
1475 1488 1510 1515 et
1540 1481 1614 1515 sine
1646 1481 1726 1516 dila-

267 1540 365 1575 cione
384 1540 563 1575 reddenda
579 1550 587 1576 l
604 1540 792 1575 secundum
821 1540 914 1587 quod
933 1540 1037 1587 ijdem
1058 1541 1200 1576 Fratres
1220 1541 1274 1575 vel
1302 1541 1413 1576 dictus
1441 1554 1558 1576 eorum
1578 1548 1728 1577 attorna-

267 1608 322 1636 tus
344 1621 350 1627 ·
374 1601 466 1636 dicta
483 1601 600 1636 debita
626 1601 690 1636 sibi
717 1601 838 1636 deberi
865 1602 907 1636 ab
934 1601 1063 1636 eisdem
1081 1602 1361 1638 [racionabiliter
1379 1603 1526 1649 probare
1547 1603 1698 1650 poterint
1721 1625 1727 1631 ·

267 1662 323 1696 vel
354 1662 482 1709 poterit
498 1671 506 1698 l
523 1675 636 1697 coram
669 1662 719 1697 eis
741 1684 747 1689 -
770 1668 873 1709 prout
903 1662 1029 1697 iustum
1059 1663 1164 1698 fuerit
1180 1672 1188 1700 l
1205 1663 1413 1710 compellant
1435 1685 1440 1690 ·
1464 1664 1518 1698 Ita
1544 1665 1635 1711 quod
1665 1678 1728 1712 pro

268 1723 456 1758 eorundem
476 1723 614 1758 defectu
632 1732 640 1760 l
657 1723 802 1771 amplius
830 1723 911 1758 inde
939 1724 1061 1759 iustam
1088 1724 1336 1771 querimoniam
1363 1737 1431 1759 non
1459 1725 1635 1760 audiamus
1658 1747 1663 1752 ·
1688 1726 1727 1760 In

267 1784 363 1818 cuius
394 1784 446 1819 rei
476 1785 709 1819 testimonium
733 1805 739 1811 ·
761 1785 822 1819 has
853 1785 971 1820 literas
1002 1792 1138 1820 nostras
1168 1798 1277 1833 penes
1308 1786 1449 1821 eosdem
1480 1786 1621 1821 Fratres
1651 1800 1728 1834 per-

266 1851 372 1892 petuo
390 1858 608 1880 remansuras
627 1846 691 1880 sibi
709 1846 785 1880 fieri
802 1846 946 1881 fecimus
974 1852 1134 1893 patentes
1157 1867 1163 1873 ·
1188 1846 1295 1894 Apud
1314 1846 1544 1894 Edinburgbe
1566 1868 1572 1874 ·
1595 1848 1729 1883 decimo

267 1907 323 1941 die
344 1906 477 1954 Aprilis
499 1928 504 1933 -
531 1907 637 1942 Anno
656 1907 756 1954 regni
775 1908 885 1942 nostri
908 1928 913 1934 ·
938 1907 1132 1942 Tricesimo
1155 1928 1161 1933 ·
1186 1908 1347 1942 Secundo
1370 1929 1375 1933 ·

271 2088 501 2124 Confirmacio
522 2090 631 2137 Regis
652 2090 799 2125 Roberti
819 2091 862 2125 de
885 2112 890 2117 ·
914 2104 962 2125 xx
983 2112 989 2117 ·
1012 2092 1135 2126 marcis
1155 2092 1198 2126 de
1220 2091 1373 2138 Cadyow
1396 2114 1401 2119 ·

271 2182 470 2247 Robertus
488 2214 559 2249 Dei
578 2216 694 2262 gracia
724 2217 803 2251 Rex
833 2217 1027 2252 Scottorum
1050 2239 1056 2244 -
1082 2218 1254 2253 Omnibus
1272 2219 1389 2266 probis
1407 2219 1601 2254 hominibus
1621 2220 1729 2255 tocius

270 2282 365 2308 terre
384 2286 444 2308 sue
460 2275 603 2309 salutern
626 2297 632 2302 -
658 2277 780 2311 Sciatis
798 2290 861 2311 nos
887 2278 1096 2325 approbasse
1123 2279 1311 2314 ratificasse
1331 2286 1366 2314 et
1383 2279 1447 2314 hac
1465 2280 1620 2327 presenti
1639 2288 1732 2315 carta

272 2341 390 2370 nostra
416 2336 636 2371 confirmasse
653 2346 662 2372 Ι
679 2337 904 2372 donacionem
932 2338 1023 2373 illam
1055 2346 1090 2373 et
1117 2340 1379 2375 concessionem
1411 2353 1510 2387 quam
1542 2342 1731 2376 recolende
