1922 2764
61 679 155 714 xviii.

81 2086 153 2121 xix.

205 146 276 181 246
796 146 1074 182 APPENDIX.

207 256 327 302 Smyth
355 277 360 282 ·
388 255 505 290 Bricio
536 255 726 302 Tailyoure
758 263 793 290 et
821 256 982 292 Johanne
1014 256 1057 291 de
1094 256 1277 292 Prebenda
1314 257 1548 304 burgensibus
1581 257 1664 292 dicti

203 316 307 363 burgi
342 315 489 351 testibus
521 336 527 342 ·
558 316 719 352 Johanne
754 316 797 351 de
836 316 973 363 Hawyk
1012 317 1207 364 presbitero
1248 317 1480 365 Glasguensis
1516 318 1662 353 diocesis

206 376 339 411 notario
357 376 496 423 publico
518 397 523 402 -

208 560 479 593 Instrumentum
499 557 689 592 tenementi
707 557 876 593 Johannis
897 557 1022 604 Yonge
1042 557 1137 592 iuxta
1155 558 1187 593 le
1208 558 1428 605 Stabilgrene
1451 580 1457 585 ·

208 651 278 716 IN
306 682 395 717 DEI
424 682 633 717 NOMINE
664 682 813 716 AMEN
867 681 934 716 Per
957 682 1021 716 hoc
1040 682 1304 716 instrumentum
1331 689 1447 729 pateat
1465 683 1556 729 quod
1574 695 1664 717 anno

207 743 249 777 ab
267 743 507 777 incarnacione
528 742 669 776 Domini
689 742 876 776 secundum
896 742 1189 788 eomputacionem
1221 743 1322 789 regni
1345 743 1464 778 Scocie
1484 743 1663 778 millesimo

205 803 547 850 quadringentesimo
565 803 739 838 tricesimo
761 823 766 828 -
789 803 916 837 mensis
938 803 1060 849 Mareij
1077 803 1132 837 die
1149 802 1311 837 vicesima
1325 803 1477 838 secunda
1498 825 1503 830 ·
1528 804 1566 838 In
1587 817 1663 850 pre-

205 865 321 899 sencia
339 864 406 898 mei
425 864 547 910 notarij
568 870 603 898 et
621 863 761 898 testium
785 863 1056 910 subscriptorum
1087 863 1315 910 personaliter
1334 864 1540 898 constitutus
1559 864 1663 898 domi-

205 938 268 959 nus
286 925 465 961 Johannes
484 925 527 959 de
549 924 685 970 Hawyk
714 924 886 970 presbiter
913 930 1103 970 perpetuus
1122 924 1270 959 vicarius
1289 924 1435 959 ecclesie
1455 925 1498 959 de
1518 925 1662 971 Dunlop

208 986 439 1033 Glasguensis
466 985 613 1020 diocesis
640 985 783 1020 tradidit
808 985 958 1032 Johannj
984 985 1109 1031 Yonge
1139 986 1255 1033 nepoti
1283 999 1344 1020 suo
1366 1007 1371 1012 -
1394 986 1532 1020 feodum
1552 986 1662 1020 euius—

204 1047 279 1081 dam
300 1046 489 1081 tenementi
509 1046 559 1080 sui
583 1067 588 1071 ·
612 1046 685 1080 siue
704 1046 873 1092 quoddam
894 1053 1129 1081 tenementum
1158 1059 1254 1081 suum
1282 1053 1445 1093 quantum
1464 1047 1507 1081 ad
1524 1047 1662 1081 feodum

204 1108 357 1142 eiusdem
381 1128 387 1133 ·
411 1107 553 1141 iacentis
584 1107 618 1140 in
650 1107 790 1141 ciuitate
814 1107 1026 1153 Glasguensi
1058 1107 1154 1142 iuxta
1184 1107 1216 1142 le
1238 1107 1457 1153 Stabilgrene
1490 1120 1532 1142 ex
1564 1114 1662 1154 parte

205 1167 407 1203 occidentali
424 1167 478 1201 vie
495 1167 567 1202 siue
582 1167 649 1202 vici
668 1168 759 1202 inter
778 1168 809 1202 le
828 1167 1048 1214 Stabilgrene
1064 1180 1108 1202 ex
1127 1174 1224 1214 parte
1241 1168 1359 1202 boriali
1376 1175 1412 1202 et
1425 1174 1662 1203 tenementum

204 1231 294 1277 quod
314 1237 395 1264 tunc
413 1229 477 1263 fuit
494 1229 528 1263 in
558 1229 713 1263 manibus
732 1229 859 1262 domini
893 1228 1028 1263 Thome
1061 1229 1236 1264 Marschel
1268 1228 1451 1276 presbiteri
1471 1229 1589 1276 vicarij
1618 1229 1661 1264 de

205 1291 366 1336 Kilbirny
386 1303 430 1323 ex
449 1295 546 1336 parte
575 1289 714 1323 australi
747 1289 780 1323 in
814 1301 881 1335 quo
909 1296 1109 1324 tenemento
1140 1289 1222 1324 dicti
1253 1289 1381 1323 domini
1414 1288 1548 1324 Thome
1580 1296 1662 1324 tunc

202 1351 370 1385 habitauit
387 1350 522 1397 quidam
546 1350 732 1397 Kenygath
756 1371 761 1375 -
787 1350 879 1384 Acta
896 1350 1038 1385 fuerunt
1069 1350 1134 1385 hec
1152 1350 1243 1397 apud
1270 1350 1397 1385 dietum
1425 1356 1660 1385 tenementum

202 1412 422 1460 presentibus
452 1411 579 1445 ibidem
613 1411 818 1446 Alexandro
849 1411 892 1445 de
924 1411 1181 1458 Brownyswald
1214 1411 1340 1446 balliuo
1371 1411 1453 1446 dicti
1484 1411 1585 1458 burgi
1617 1412 1660 1446 de

205 1473 339 1519 Glasgu
363 1493 369 1498 ·
392 1472 537 1506 dominis
568 1471 726 1518 Philippo
753 1471 796 1505 de
826 1471 983 1506 Restoun
1033 1472 1183 1506 Ricardo
1205 1472 1392 1518 Gardynar
1436 1472 1589 1519 Dogallo
1616 1473 1659 1507 de

203 1535 277 1569 Are
325 1534 498 1568 Willelmo
517 1533 560 1568 de
579 1531 721 1579 Hawyk
750 1532 953 1580 presbiteris
975 1554 980 1559 -
1007 1532 1154 1567 PatriCio
1177 1533 1311 1568 Glouer
1330 1539 1365 1567 et
1386 1533 1560 1567 Willelmo
1580 1533 1660 1568 Tal-

201 1608 296 1638 yowr
314 1595 409 1629 laicis
427 1594 659 1640 burgensibus
679 1593 760 1628 dicti
791 1593 890 1640 burgi
921 1594 963 1628 de
987 1593 1120 1639 Glasgu
1141 1606 1217 1628 cum
1248 1594 1363 1628 multis
1392 1593 1466 1640 alijs
1485 1594 1631 1628 testibus
1654 1614 1659 1620 ·

201 1657 361 1692 Johanne
380 1656 423 1690 de
454 1655 590 1701 Hawyk
617 1655 812 1701 presbitero
835 1676 840 1681 ·
864 1667 902 1689 ac
922 1654 1049 1688 vicario
1081 1654 1124 1688 de
1154 1654 1306 1689 Carlouk
1328 1653 1559 1700 Glasguensis
1589 1653 1659 1688 dio-

204 1717 291 1752 cesis
313 1737 319 1743 ·
342 1716 476 1751 notario
493 1715 631 1763 publico
654 1737 658 1741 -

204 1901 473 1935 Instrumentum
490 1897 703 1933 vendicionis
731 1897 765 1944 iij
795 1897 981 1931 solidorum
997 1897 1099 1942 annuj
1116 1895 1271 1931 redditus
1287 1896 1374 1930 facte
1389 1908 1451 1942 per
1467 1896 1658 1931 Robertum

206 1962 358 1996 Sclatare
373 1960 544 2007 juniorem
564 1959 702 1993 domino
721 1957 871 1994 Johanni
891 1957 934 1992 de
956 1957 1101 2004 Dalgles
1123 1977 1129 1982 ·

204 2053 253 2119 In
274 2083 344 2118 Dei
362 2083 500 2117 nomine
520 2082 635 2116 Amen
659 2103 666 2109 ·
690 2081 758 2117 Per
775 2093 921 2129 presens
947 2081 1213 2115 instrumentum
1231 2085 1347 2126 pateat
1369 2100 1374 2106 ·
1398 2079 1489 2126 quod
1507 2090 1598 2113 anno
1616 2078 1658 2113 ab

203 2143 443 2179 incarnacione
470 2142 623 2178 eiusdem
658 2145 727 2176 mm⁰
747 2161 755 2169 ·
778 2145 892 2177 ceccmo
914 2162 920 2167 ·
943 2153 1015 2175 xxx
1038 2162 1044 2167 -
1067 2140 1194 2175 mensis
1221 2139 1344 2186 Mareij
1373 2139 1429 2173 die
1457 2138 1553 2185 xxiiij
1583 2158 1588 2164 ·
1616 2137 1656 2171 In

204 2205 270 2239 mei
289 2203 413 2251 notarij
433 2203 562 2251 publici
580 2209 616 2238 et
632 2203 770 2238 testium
791 2202 1061 2249 subscriptorum
1089 2200 1269 2248 presencia
1286 2199 1515 2247 personaliter
1533 2198 1658 2234 eonsti-
