1922 2764
265 349 301 377 55

264 474 300 501 56

264 849 301 877 58

266 1161 309 1189 60.

265 1351 310 1378 61.

267 1603 311 1631 63.

266 1729 309 1757 64.

267 1917 310 1945 65.

267 2042 312 2070 66.

267 2167 312 2196 67.

880 211 1108 246 TABULA.

303 370 309 376 .
333 348 559 376 Instrumentum
568 348 602 376 de
614 348 723 376 duobus
734 347 831 376 solidis
843 348 873 376 in
887 348 1027 386 Rothisay
1038 357 1088 385 per
1104 348 1267 376 Donaldum
1281 349 1417 377 Maclowe
1429 350 1570 378 concessis
1584 362 1588 366 ·

379 411 429 447 (19
447 410 554 448 Aprilis
571 411 652 439 1502.
671 412 777 439 abbrev.
793 421 826 438 ex
839 416 929 448 auto-11.
945 412 971 438 ἰη
985 411 1083 439 archiv.
1106 411 1184 439 Univ.
1206 411 1316 447 Glasy.)

303 495 308 501 .
334 474 573 511 Transsumptum
587 474 844 502 instrumentorum
858 474 892 501 de
907 479 1030 510 quatuor
1044 473 1141 501 solidis
1162 473 1192 501 in
1209 474 1288 510 Buyt
1309 483 1360 510 per
1375 474 1534 502 Officialem
1550 475 1592 502 in-

379 535 505 563 sularum
520 536 554 563 de
572 536 630 563 But
644 540 673 564 et
689 537 783 564 Arran
798 536 907 564 factum
924 551 929 556 ·
944 536 998 573 (18
1015 536 1186 564 Novembris
1203 536 1283 564 1502.
1305 537 1409 563 abbrev.
1419 546 1452 563 ecc
1463 542 1546 573 aucogy.
1562 538 1589 564 in

378 598 478 626 archiv.
501 599 574 626 Univ.
593 598 686 636 Glasgy.
706 598 771 627 vide
786 608 872 636 supra
885 608 932 626 nn.
947 599 984 627 54
998 602 1027 626 et
1041 599 1100 635 55.)

284 661 308 688 ⁹.
333 661 560 688 Instrumentum
577 670 661 697 super
675 661 827 689 duodecim
842 661 967 689 denariis
982 661 1011 688 in
1025 662 1114 698 burgo
1139 661 1172 689 de
1199 661 1293 698 Rosay
1315 670 1366 698 per
1383 661 1591 689 Archibaldum

382 722 601 760 Makgilcallum
618 723 759 751 concessis
774 737 779 741 ·
794 724 825 760 (2
851 724 1022 752 Novembris
1047 723 1126 752 1503.
1148 724 1254 751 abbrev.
1269 733 1302 751 επ)
1325 727 1413 760 autoq.
1436 724 1465 750 in
1487 723 1589 750 archiv.

387 786 460 813 Univ.
479 785 588 822 Glasgy.)
644 808 649 813 .

303 870 308 875 .
329 848 426 885 Gopye
440 848 471 876 of
483 849 529 876 the
541 848 709 876 fundatione
725 848 812 885 mayd
826 849 860 876 be
876 848 1023 885 wmquhill
1040 848 1125 876 Schir
1146 847 1305 875 Archibald
1315 847 1493 876 Cawdirwod
1507 847 1589 874 vicar

378 910 409 937 of
422 909 534 938 Cadder
544 910 632 947 copiit
645 910 738 938 furtht
751 911 782 938 of
793 920 846 938 ane
857 919 917 938 mes
926 910 1001 938 bwik
1011 910 1042 938 of
1055 909 1169 938 Cadder
1187 924 1192 930 ·
1210 910 1259 946 (27
1275 909 1445 938 Novembris
1460 909 1541 937 1509.
1556 919 1589 937 ew

378 978 557 1010 transsumpto
572 974 601 1000 in
614 973 711 1001 archiv.
735 973 810 1000 Uniiz
830 972 939 1009 Glasq.)
981 993 987 999 .

268 1035 280 1049 *⁸
304 1057 308 1062 ,
332 1034 479 1063 Fundacio
495 1034 645 1072 cuthbertj
662 1035 810 1064 Crawfurd
824 1045 873 1072 pro
888 1035 987 1063 decem
1008 1034 1104 1063 missis
1127 1035 1162 1063 de
1180 1035 1305 1072 Corpore
1321 1034 1408 1063 Cristi
1425 1049 1429 1053 ·
1445 1034 1497 1071 (12
1515 1034 1587 1062 Maii

382 1098 464 1126 1514.
483 1099 586 1127 abbrev.
600 1108 633 1126 eac
645 1103 734 1135 autoq.
749 1100 777 1126 in
789 1099 886 1126 archiv.
910 1099 984 1126 Univ.
1003 1098 1114 1136 Glasy.)
1156 1119 1162 1125 .

334 1161 561 1189 lustramentum
577 1161 729 1189 Michaelis
745 1161 887 1198 Flemyng
901 1161 935 1189 de
950 1165 1013 1189 octo
1028 1161 1126 1189 solidis
1136 1161 1224 1189 annui
1240 1160 1370 1189 redditus
1384 1170 1434 1197 pro
1446 1170 1500 1188 vno
1514 1160 1592 1188 anni-

380 1224 506 1252 uersario
528 1233 595 1252 cum
611 1224 699 1252 missa
713 1224 747 1252 de
771 1224 881 1261 Requie
897 1237 901 1241 ·
917 1224 969 1261 (29
986 1224 1157 1252 Novembris
1175 1224 1258 1253 1514.
1277 1225 1385 1252 abbrev.
1405 1234 1437 1251 ex
1457 1229 1544 1260 autogs.
1561 1225 1589 1250 in

379 1287 478 1315 archiv.
497 1287 574 1315 Um‘v.
593 1287 702 1324 Glasgj.)

333 1350 560 1378 Instrumentum
584 1349 790 1387 recognicionis
814 1353 957 1378 terrarum
980 1349 1126 1386 quondam
1152 1349 1230 1386 Petrj
1255 1348 1424 1385 Colquhoun
1440 1364 1444 1369 -
1459 1348 1490 1385 (2
1514 1347 1587 1376 Maii

383 1413 466 1442 1517.
485 1414 589 1441 abbrev.
603 1422 636 1440 εκ
649 1417 740 1450 autoy.
757 1414 785 1440 in
798 1412 897 1440 archiv.
920 1413 995 1440 Univ.
1015 1412 1123 1449 Glasy.)
1156 1434 1161 1440 .

286 1481 309 1503 ¹.
332 1475 484 1505 Concessio
506 1475 662 1504 earundem
689 1480 832 1503 terrarum
862 1475 1005 1503 Macolmo
1034 1475 1272 1512 Colquhoun-(5
1305 1473 1481 1512 Septembris
1510 1473 1591 1503 1517.

379 1540 484 1568 abbrev.
500 1549 533 1567 ex
546 1544 636 1577 autoy.
653 1540 683 1567 in
697 1539 799 1567 archiv.
821 1539 896 1567 Um’v.
914 1539 1022 1576 Glassf.)
1074 1560 1079 1566 .

335 1603 574 1640 Transsumptum
600 1603 697 1631 breuis
727 1602 841 1630 Domini
871 1602 974 1630 Leonis
998 1611 1070 1640 pape
1092 1618 1096 1623 ·
1118 1611 1135 1629 x
1160 1618 1166 1624 ·
1187 1602 1222 1630 de
1253 1601 1412 1639 priuilegiis
1444 1600 1595 1628 Fratribus

380 1665 520 1694 concessis
535 1682 540 1688 ·
554 1666 605 1703 (26
621 1666 639 1693 J
643 1665 702 1693 unii
719 1666 799 1694 1518.
821 1675 852 1693 ex
867 1671 955 1703 autoy.
969 1666 999 1693 in
1011 1665 1110 1693 archiv.
1134 1666 1210 1693 Univ.
1229 1664 1339 1702 Glasy.)

333 1729 524 1757 Excambium
537 1729 625 1757 annui
641 1728 770 1757 redditus
785 1729 819 1757 de
834 1732 998 1757 tenemento
1015 1729 1125 1756 Thome
1144 1728 1231 1765 Leyss
1253 1736 1304 1764 pro
1318 1735 1413 1754 annuo
1427 1724 1542 1753 redditu
1557 1724 1592 1752 de

380 1792 505 1829 quadam
518 1796 600 1820 vasta
613 1796 690 1820 terra
703 1801 802 1820 versus
823 1791 975 1820 ecclesiam
992 1791 1129 1819 Fratrum
1147 1803 1152 1808 ·
1168 1790 1216 1827 (11
1235 1788 1366 1817 Octobris
1384 1787 1464 1815 1519.
1485 1787 1590 1814 abbrev.

381 1864 413 1882 ex
426 1860 516 1892 autoy.
531 1855 561 1882 in
575 1854 672 1882 archiv.
695 1855 771 1882 Univ.
790 1853 900 1891 Glasy.)

332 1916 522 1944 Excambium
536 1916 626 1944 annui
639 1916 769 1944 redditus
783 1916 817 1944 de
838 1919 1002 1944 tenemento
1023 1914 1092 1942 olim
1111 1913 1190 1942 Petri
1207 1913 1376 1949 Colquhoun
1393 1925 1399 1931 -
1414 1912 1445 1948 (2
1462 1910 1591 1939 Octobris

384 1979 465 2007 1522.
486 1980 592 2007 abbrev.
608 1988 642 2007 ex
654 1984 742 2015 autoq.
758 1979 786 2005 in
799 1977 897 2005 archiv.
921 1978 996 2005 Univ.
1016 1976 1119 2014 Glasy.)
1160 1998 1166 2003 .

337 2042 566 2070 Instrumentum
577 2040 785 2078 recognicionis
796 2039 952 2068 tenementi
965 2049 999 2067 ex
1011 2037 1180 2067 occidentali
1192 2041 1273 2075 parte
1284 2035 1427 2065 Gimiterii
1440 2036 1574 2063 Fratrum
1588 2051 1594 2056 -

382 2104 435 2140 (24
449 2102 581 2132 Januarii
599 2103 719 2131 1524-5.
740 2103 846 2130 abbrev.
861 2111 893 2129 cx
905 2106 992 2138 autoy.
1007 2102 1037 2128 in
1050 2101 1146 2128 archiv.
1170 2101 1247 2128 Univ.
1265 2099 1372 2137 Glasy.)
1415 2121 1420 2126 .

335 2167 422 2195 Carta
444 2165 533 2202 Regis
547 2165 649 2195 Jacobi
670 2165 705 2193 de
729 2165 829 2193 decem
851 2164 957 2192 mareis
979 2163 1014 2192 de
1035 2163 1119 2192 terris
1144 2163 1179 2191 de
1207 2163 1402 2191 Strathawane
1424 2162 1454 2189 in
1476 2161 1595 2190 baronia

380 2229 415 2256 de
448 2227 595 2256 Avendale
611 2242 616 2247 ·
632 2227 681 2264 (11
713 2225 813 2254 Martii
849 2225 969 2254 1540-1.
1005 2226 1110 2253 abbrev.
1140 2234 1174 2253 ex
1203 2230 1293 2262 autoy.
1324 2226 1352 2252 in
1382 2224 1482 2252 archiv.
1518 2224 1595 2252 Unir.

386 2290 493 2327 Glasq.)

1636 214 1726 247 xcvii

1652 311 1681 331 ΡΑ
1687 317 1724 332 (jo.

1669 414 1725 441 205

1671 600 1726 627 206

1666 972 1683 998 [0

1687 972 1722 999 OS

1668 1098 1721 1124 211

1672 1286 1723 1312 211

1672 1410 1727 1437 212

1672 1537 1727 1563 213

1671 1662 1727 1688 214

1672 1848 1727 1875 218

1672 1973 1727 1999 215)

1673 2098 1728 2125 2¹20

1674 2284 1727 2311 221
