1922 2764
112 1460 157 1492 38

591 244 806 280 ORDINIS
835 244 1270 281 PREDICATORUM.
1619 254 1684 285 183

223 355 410 389 conuentui
431 361 466 390 ct
486 355 555 389 suis
587 355 844 390 successoribus
877 355 949 390 siue
982 368 1099 389 eorum
1131 356 1314 402 assignatis
1347 358 1402 404 qui
1437 371 1497 404 pro
1529 367 1684 407 tempore

222 415 352 449 fuerint
405 415 560 456 Quarum
593 416 735 450 duarum
768 416 926 450 rodarum
960 416 1077 451 Dauid
1109 416 1224 452 Gluur
1255 417 1439 464 burgensis
1471 420 1619 455 ciuitatis
1651 427 1685 456 et

222 475 324 522 burgi
345 475 389 510 de
408 475 551 522 Glasgw
566 476 714 510 balliuus
734 477 767 510 in
787 477 850 511 hac
868 484 966 524 parte
986 477 1182 524 specialiter
1198 478 1383 526 deputatus
1399 493 1460 526 pcr
1482 481 1635 516 Priorem
1651 489 1685 517 et

222 542 431 571 conuentum
462 537 780 583 predictosldictis
816 538 990 573 Willelmo
1023 544 1057 573 et
1093 538 1240 586 Megote
1272 540 1414 574 tradidit
1446 542 1591 576 sasinam
1623 556 1684 590 per

221 604 348 632 terram
368 603 403 632 et
421 597 553 644 lapides
574 604 610 631 ut
638 598 741 632 moris
771 604 824 633 cst
850 599 1037 646 burgorum
1062 621 1068 627 ·
1094 600 1205 647 Super
1237 601 1361 648 quibus
1406 602 1529 648 prefati
1552 604 1684 638 Willel—

221 671 295 692 mus
315 665 350 693 et
371 658 516 705 Megota
534 671 553 692 a
570 671 624 693 me
644 659 778 693 notario
797 660 935 706 publico
955 660 1017 695 sibi
1048 661 1121 695 fieri
1150 662 1332 708 pecierunt
1359 663 1531 709 publicum
1561 665 1684 700 instru-

221 726 373 754 mentum
411 719 476 766 Cuj
496 720 727 754 instrumento
746 721 788 755 ad
808 721 944 756 maioris
964 722 1013 756 rei
1033 721 1253 757 securitatem
1269 723 1310 757 ad
1331 723 1531 758 instanciam
1551 726 1684 772 predic-

221 787 332 816 torum
354 780 519 815 Willelmi
539 787 574 815 et
594 781 740 828 Megotc
769 781 918 828 sigillum
945 783 1114 818 Johannis
1142 783 1378 819 Mussilburch
1407 798 1501 820 sacre
1530 786 1683 833 thologic

220 841 426 888 professoris
446 854 484 876 ac
503 841 620 888 vicarij
639 842 814 887 generalis
834 843 1002 878 dictorum
1019 844 1178 879 Fratrum
1200 844 1458 881 Predicatorum
1475 860 1550 881 cum
1571 848 1684 894 sigillo

221 903 345 950 prefati
374 903 503 937 Prioris
531 909 566 938 et
597 911 789 938 conuentus
821 911 900 938 sunt
932 917 1111 952 appensa·
1137 905 1227 940 Acta
1260 906 1402 942 fuerunt
1431 908 1496 942 hec
1527 908 1560 942 in
1594 910 1684 944 <licta

221 964 361 999 ciuitate
384 964 597 1011 Glasguensi
616 964 837 1011 presentibus
865 965 957 1000 (licto
986 965 1102 1000 Dauid
1125 966 1239 1002 Gluur
1267 967 1299 1002 in
1332 968 1395 1003 hac
1426 975 1524 1016 parte
1557 970 1684 1005 balliuo

222 1026 379 1060 Roberto
411 1025 549 1072 Fausyd
593 1025 753 1062 Johanne
788 1026 982 1061 Browstare
1031 1027 1149 1062 Dauid
1187 1028 1255 1063 Rat
1300 1028 1476 1064 willelmo
1515 1031 1617 1065 Knok
1649 1038 1683 1066 et

219 1087 351 1122 Jacobo
380 1086 526 1122 Cuthlar
557 1099 632 1122 cum
665 1087 780 1121 multis
811 1087 886 1121 aliis
917 1088 1063 1122 testibus
1092 1109 1097 1114 -
1130 1089 1262 1125 Jacobo
1298 1090 1455 1126 Knokkis
1486 1092 1682 1138 presbitero

224 1148 455 1195 Glasguensis
475 1148 622 1184 diocesis
642 1148 776 1183 notario
795 1149 932 1195 publico
956 1170 960 1174 -

223 1332 416 1368 Assedacio
434 1331 533 1379 pecie
552 1337 644 1367 terre
664 1345 772 1379 prope
792 1331 1005 1367 cimeterium
1026 1332 1185 1368 Fratrum

222 1428 278 1494 IN
307 1459 384 1494 Dm
412 1470 557 1494 NOMINE
590 1458 732 1493 Amen·
758 1457 824 1492 Per
856 1457 920 1492 hoc
952 1458 1217 1493 instrumentum
1249 1465 1366 1506 pateat
1397 1460 1486 1507 quod
1519 1474 1609 1495 anno
1641 1462 1682 1496 ab

222 1520 463 1555 incarnacione
495 1519 639 1554 Domini
674 1525 720 1553 1n⁰
743 1539 749 1545 ·
772 1523 864 1553 cccc⁰
887 1540 892 1545 ·
918 1520 1174 1566 septuagesimo
1205 1521 1333 1555 mensis
1356 1534 1440 1556 vero
1472 1522 1595 1557 Marcii
1628 1523 1684 1558 die

221 1582 385 1616 vicesimo
403 1586 525 1628 quarto
541 1589 550 1617 Ι
567 1580 607 1615 In
623 1579 690 1614 mei
709 1579 831 1626 notarij
861 1580 988 1626 publici
1008 1587 1043 1615 et
1058 1581 1328 1628 subscriptorum
1345 1583 1482 1617 testium
1503 1584 1684 1630 presencia

221 1642 451 1689 personaliter
469 1642 676 1677 constitutus
697 1641 905 1675 venerabilis
925 1647 960 1675 et
978 1641 1163 1689 religiosus
1182 1642 1234 1676 vir
1254 1643 1376 1678 Frater
1401 1644 1580 1693 Johannes
1601 1644 1683 1679 Mur

222 1703 369 1737 vicarius
395 1703 570 1749 generalis
601 1702 760 1737 Fratrum
794 1701 1053 1736 Predicatorum
1087 1703 1218 1738 ordinis
1240 1704 1355 1739 Sancti
1389 1704 1565 1740 Dominici
1596 1706 1684 1740 infra

222 1776 366 1809 regnum
382 1764 501 1798 Scocie
518 1772 527 1800 Ι
543 1775 618 1798 cum
635 1762 810 1809 expressis
824 1775 995 1797 consensu
1011 1769 1046 1798 et
1060 1776 1203 1798 assensu
1218 1764 1351 1799 Fratris
1367 1765 1532 1800 willelmi
1550 1767 1683 1801 Knokis

220 1830 304 1859 tunc
331 1823 461 1858 Prioris
481 1823 547 1858 loci
575 1829 610 1858 et
639 1829 832 1857 conuentus
860 1823 1009 1858 ciuitatis
1033 1824 1264 1871 Glasguensis
1295 1838 1334 1860 ac
1366 1826 1574 1860 confratrum
1607 1840 1681 1861 suo-

221 1898 295 1919 rum
322 1885 356 1919 in
386 1885 460 1920 loco
495 1884 673 1932 capitulari
707 1884 860 1930 ejusdem
893 1891 1183 1931 congregatorum
1207 1907 1213 1912 -
1236 1887 1410 1921 assedauit
1441 1897 1476 1922 et
1504 1888 1545 1922 ad
1574 1889 1681 1923 feodi-

220 1946 350 1980 firmam
380 1946 413 1980 in
441 1951 647 1992 perpetuum
676 1944 805 1978 dimisit
834 1945 979 1991 prouido
998 1945 1072 1979 viro
1103 1946 1237 1981 Thome
1269 1947 1366 1982 Kerd
1394 1948 1561 1995 burgensi
1589 1950 1680 1985 dicte

222 2006 370 2041 ciuitatis
401 2005 632 2053 Glasguensis
667 2005 854 2039 heredibus
891 2005 960 2039 suis
989 2012 1024 2040 et
1059 2007 1128 2041 suis
1165 2007 1348 2054 assignatis
1384 2014 1489 2044 totam
1525 2016 1559 2046 et
1594 2011 1679 2046 inte-

220 2081 317 2114 gram
348 2068 438 2102 illam
475 2067 605 2114 peciam
638 2073 730 2101 terre
763 2066 936 2112 jacentem
968 2079 1076 2113 prope
1110 2066 1625 2106 Cimeteriumlextendentcm
1662 2086 1681 2107 a

221 2130 322 2164 domo
357 2129 480 2177 prefati
517 2129 651 2163 Thome
687 2128 729 2162 ad
766 2127 900 2162 edificia
939 2127 1080 2163 fundata
1114 2129 1279 2164 videlicet
1317 2143 1335 2164 a
1378 2138 1475 2178 porta
1519 2132 1680 2168 introitus

223 2190 374 2226 Claustri
401 2190 467 2224 loci
493 2189 640 2236 predicti
667 2189 758 2223 inter
788 2188 930 2223 arbores
958 2189 1002 2235 vij
1035 2190 1198 2224 tremulas
1230 2197 1265 2225 et
1295 2191 1447 2226 fraxinas
1479 2206 1522 2227 ex
1551 2194 1679 2229 boreali

221 2259 256 2287 et
294 2251 408 2286 media
438 2258 536 2298 septa
567 2249 752 2285 tendencia
787 2262 806 2283 a
840 2249 941 2284 dictis
985 2250 1128 2285 edificiis
1164 2251 1329 2287 videlicet
1363 2253 1467 2288 voltis
1511 2255 1553 2289 ad
1581 2255 1680 2289 fabri-

221 2325 292 2348 cam
322 2312 491 2349 Johannis
520 2311 670 2358 Rankyu
704 2323 748 2345 ex
776 2310 918 2345 australi
949 2311 1249 2359 partibuslprout
1276 2313 1370 2360 jacet
1398 2314 1431 2348 in
1461 2315 1679 2362 longitudine
