1922 2764
652 278 692 313 B.
724 278 769 313 V.
798 278 968 313 MARIE
996 278 1064 313 ET
1093 279 1126 314 S.
1156 279 1315 314 ANNE.
1669 286 1711 316 81

255 375 298 410 ad
326 375 587 411 Occidentalem
621 376 758 410 Portam
790 376 943 410 eiusdem
975 388 1019 410 ex
1050 376 1191 410 australi
1221 382 1319 422 parte
1351 376 1417 411 vici
1449 377 1593 423 predicti
1626 378 1715 412 inter

254 442 365 470 terras
386 436 551 471 Willelmi
571 436 685 470 Adam
713 449 757 471 ex
784 436 943 470 orientali
970 442 1005 471 et
1031 442 1142 470 terras
1165 436 1374 471 venerabilis
1393 437 1459 471 viri
1486 438 1640 483 magistri
1658 439 1716 474 Ja-

254 496 331 530 cobi
352 496 560 531 Houstoune
579 496 698 531 vicarii
717 497 760 531 de
780 496 935 531 Eistwod
953 508 999 531 ex
1017 496 1176 531 orientali
1203 497 1358 543 partibus
1375 505 1384 533 l
1400 498 1534 543 prefato
1552 498 1716 544 magistro

253 555 385 591 Jacobo
405 555 614 591 Houstoune
630 557 769 603 suisque
783 557 972 592 heredibus
988 563 1023 591 et
1039 557 1222 603 assignatis
1240 570 1302 604 pro
1317 563 1412 592 certa
1427 570 1556 592 summa
1570 559 1716 605 pecunie

255 615 319 650 sibi
336 616 359 652 J
362 616 487 650 ohanni
506 630 568 663 per
590 617 761 663 prefatum
787 617 988 664 magistrum
1006 617 1027 653 J
1031 617 1172 652 acobum
1193 617 1385 652 deliberata
1401 626 1409 653 l
1427 618 1622 664 Eapropter
1641 631 1717 653 cau-

255 675 408 710 santibus
440 677 615 723 premissis
647 677 758 712 dictus
788 677 966 713 ,Iohannes
997 678 1176 724 Jargoune
1212 678 1383 724 prefatum
1414 684 1650 713 tenementum
1683 686 1717 714 et

255 742 366 770 ortum
394 736 428 770 in
455 737 611 771 manibus
638 737 848 772 honorabilis
876 738 940 772 viri
958 738 1127 774 Johannis
1150 738 1255 784 Gayn
1280 739 1381 773 vnius
1406 739 1611 773 balliuorum
1634 740 1717 786 jam-

255 796 346 831 dicte
366 796 514 832 ciuitatis
533 798 567 831 in
586 798 740 832 fauorem
759 798 841 832 dicti
861 798 1015 845 magistri
1033 799 1155 834 Jacobi
1175 798 1384 833 Houstoune
1403 799 1595 844 resignauit
1612 808 1620 835 l
1639 800 1718 840 Qua

254 857 490 903 resignatione
510 858 558 892 sic
575 858 664 893 facta
692 859 782 893 idem
810 859 956 894 balliuus
985 866 1110 894 statum
1135 866 1170 894 et
1195 859 1354 894 saisinam
1380 860 1608 895 hereditarios
1636 862 1717 896 dicti

255 918 446 953 tenementi
464 931 541 953 cum
559 925 635 953 orto
653 932 715 966 per
734 926 827 954 terre
844 926 879 954 et
897 920 1019 966 lapidis
1038 920 1258 954 traditionem
1282 920 1417 967 prefato
1436 920 1600 967 magistro
1617 921 1718 956 Jaco—

254 977 299 1012 bo
316 978 572 1026 heredibusque
601 979 671 1013 suis
690 986 725 1014 et
743 980 926 1026 assignatis
950 980 1157 1015 deliberauit
1173 989 1182 1016 Ι
1199 980 1347 1027 Insuper
1374 980 1527 1027 prefatus
1554 982 1718 1028 magister

255 1039 407 1075 Jacobus
426 1040 619 1087 predictum
638 1046 875 1075 tenementum
894 1047 929 1075 et
948 1047 1058 1076 ortum
1078 1041 1111 1074 in
1131 1041 1287 1075 manibus
1306 1041 1530 1088 suprascripti
1548 1042 1717 1077 Johannis

259 1100 365 1148 Gayu
390 1100 507 1135 balliui
529 1100 730 1148 simpliciter
757 1101 949 1147 resignauit
975 1101 1008 1135 in
1028 1102 1181 1136 fauorem
1208 1101 1349 1136 discreti
1368 1102 1432 1136 viri
1451 1102 1579 1136 domini
1596 1103 1718 1138 Jacobi

258 1161 377 1196 Schaw
396 1161 564 1208 capellani
590 1161 728 1195 nomine
756 1161 904 1196 ecclesie
932 1162 1120 1196 secundum
1140 1162 1283 1196 formam
1302 1169 1337 1197 ct
1356 1169 1512 1197 tenorem
1532 1163 1717 1198 erectionis

256 1228 292 1256 et
308 1221 519 1256 fundationis
544 1221 635 1256 dicte
661 1221 807 1256 ecclesie
835 1234 897 1268 per
925 1222 1033 1269 ipsum
1063 1223 1264 1269 magistrum
1281 1222 1449 1259 Jacobum
1476 1223 1557 1258 inde
1576 1224 1717 1260 fiendel

257 1282 338 1324 Qua
355 1282 591 1329 resignatione
611 1282 659 1316 sic
677 1282 766 1317 facta
783 1283 875 1317 idem
902 1282 1049 1317 balliuus
1077 1283 1140 1317 sibi
1159 1283 1297 1318 domino
1315 1283 1447 1319 Jacobo
1468 1283 1585 1318 Schaw
1605 1284 1717 1330 capel-

254 1343 333 1378 lano
352 1343 490 1377 nomine
510 1343 657 1377 ecclesie
677 1349 714 1377 ut
733 1356 836 1390 supra
861 1356 924 1390 per
953 1350 1044 1378 terre
1072 1350 1107 1378 et
1133 1343 1256 1390 lapidis
1279 1344 1565 1379 deliberationem
1592 1350 1717 1379 statum

255 1410 291 1438 et
321 1396 738 1438 saisinamhereditarios
765 1403 971 1438 deliberauit
1003 1424 1009 1430 ·
1039 1404 1264 1439 Presentibus
1291 1404 1418 1439 ibidem
1447 1405 1605 1439 discretis
1634 1406 1715 1440 viris

257 1464 432 1498 Willelmo
453 1464 566 1499 Adam
592 1464 749 1498 Roberto
769 1464 973 1499 Cocherane
994 1464 1129 1499 Thoma
1151 1465 1309 1500 Gilmore
1329 1465 1464 1500 Thoma
1483 1466 1598 1500 Madir
1617 1466 1715 1500 Don-

254 1525 333 1559 aldo
351 1524 500 1571 Lyoune
520 1531 555 1559 et
575 1524 724 1559 Patricio
743 1524 862 1559 Millar
885 1546 890 1550 -
914 1524 982 1558 ET
1009 1525 1119 1559 EGO
1145 1525 1324 1560 Johannes
1345 1525 1431 1559 Blak
1450 1526 1573 1560 artium
1591 1526 1715 1572 magis-

254 1592 309 1620 ter
334 1585 519 1631 presbyter
549 1584 780 1631 Glasguensis
805 1585 952 1619 diocesis
977 1585 1134 1631 publicus
1162 1598 1258 1620 sacra
1285 1586 1488 1621 auctoritate
1514 1587 1715 1634 Apostolica

254 1645 407 1680 notarius
461 1645 553 1686 Quia
574 1643 668 1692 [eta]

254 1796 325 1862 IN
352 1827 443 1861 DEI
469 1826 676 1861 NOMINE
704 1826 819 1861 Amen
836 1847 841 1853 ·
861 1827 927 1861 Per
945 1827 1011 1861 hoc
1028 1827 1203 1873 publicum
1221 1827 1486 1861 instrumentum
1505 1827 1637 1861 cunctis
1655 1839 1712 1873 pa-

252 1893 324 1922 teat
342 1887 434 1934 quod
452 1900 541 1922 anno
560 1887 804 1922 incarnationis
823 1887 1007 1921 Dominice
1035 1887 1216 1920 millesimo
1235 1887 1512 1933 quingentesimo
1531 1887 1712 1932 vigesimo-

253 1954 374 1994 quarto
393 1948 449 1983 die
467 1961 551 1983 vero
565 1948 889 1995 vigesimosccundo
908 1947 1036 1981 mensis
1057 1946 1189 1993 Aprilis
1207 1955 1215 1983 l
1232 1947 1288 1980 IN
1306 1946 1373 1980 mei
1392 1946 1515 1981 notarii
1535 1947 1662 1993 publici
1678 1953 1713 1982 et

252 2008 392 2042 testium
424 2008 694 2055 subscriptorum
725 2007 901 2054 presentia
931 2007 1161 2053 personaliter
1192 2007 1379 2041 constituta
1409 2007 1559 2042 discreta
1588 2008 1712 2042 mulier

252 2067 379 2114 Egidia
398 2068 545 2114 Barclay
560 2067 706 2103 accessit
719 2067 760 2101 ad
780 2067 863 2101 duas
883 2079 978 2101 acras
996 2073 1164 2101 terrarum
1181 2067 1338 2112 jacentes
1356 2067 1389 2100 in
1410 2067 1454 2101 lie
1475 2067 1711 2103 Provandside

252 2128 342 2163 inter
368 2134 479 2162 terras
506 2128 673 2163 heredum
691 2127 861 2173 quondam
890 2126 1009 2161 Dauid
1030 2127 1129 2173 Speir
1157 2139 1200 2161 ex
1228 2127 1387 2162 orientali
1414 2134 1449 2162 et
1471 2134 1581 2163 terras
1600 2130 1711 2176 capel-

251 2188 342 2223 lanie
372 2188 489 2223 Sancti
517 2187 726 2235 Kentigerni
754 2187 919 2234 Episcopi
941 2193 976 2221 et
998 2187 1205 2222 confessoris
1230 2200 1275 2222 ex
1299 2188 1503 2223 occidentali
1530 2190 1711 2236 partibus!

251 2248 317 2283 sibi
334 2248 545 2283 hereditarie
559 2253 756 2295 spectantes
773 2256 781 2283 Ι
797 2247 831 2281 in
850 2247 1006 2281 manibus
1021 2247 1261 2295 circumspecti
1275 2249 1340 2283 viri
1356 2249 1509 2295 magistri
1526 2250 1710 2285 Cuthberti

254 2309 414 2356 Symonis
433 2309 551 2344 vicarii
569 2309 612 2343 de
632 2307 774 2355 Dalyell
801 2307 919 2342 balliui
945 2308 980 2342 in
1004 2307 1068 2342 hac
1094 2314 1191 2355 parte
1211 2309 1419 2344 venerabilis
1438 2316 1473 2344 et
1491 2311 1626 2357 egregii
1646 2311 1710 2345 viri

972 2377 989 2397 L
