1922 2764
162 1731 219 1762 30.

281 278 346 314 17⁶2
692 275 1020 310 MUNIMENTA
1048 275 1310 311 FRATRUM

275 385 339 419 viis
357 385 488 420 semitis
507 385 603 433 aquis
622 386 756 433 stagnis
774 386 982 421 molendinis
1001 392 1036 420 et
1053 386 1212 420 multuris
1231 385 1473 420 venationibus
1491 385 1737 432 piscationibus

274 446 416 492 petariis
434 446 596 481 turbariis
615 447 816 494 bludwyttis
842 447 1036 481 herezeldis
1055 459 1130 481 cum
1159 446 1263 481 curiis
1294 452 1329 481 et
1360 459 1476 481 earum
1509 446 1661 481 exitibus
1678 455 1686 483 Ι
1703 453 1739 481 et

273 519 348 541 cum
368 507 526 542 omnibus
557 507 632 542 aliis
658 508 878 542 libertatibus
896 507 1195 542 commoditatibus
1221 507 1443 553 aysiamentis
1472 513 1508 542 et
1534 507 1636 553 justis
1668 507 1738 541 suis

272 568 492 614 pertinentiis
518 569 780 616 quibuscunque
807 575 874 604 tam
895 581 963 603 non
991 568 1174 603 nominatis
1193 581 1294 615 quam
1321 569 1504 604 nominatis
1529 576 1598 603 tam
1617 569 1738 604 subtus

272 636 366 664 terra
383 642 482 676 quam
503 643 607 677 supra
634 636 761 664 terram
789 636 857 664 tam
885 629 1004 676 procul
1037 642 1136 676 quam
1163 641 1272 676 prope
1291 642 1368 664 cum
1399 630 1509 664 libero
1541 630 1684 664 introitu
1703 636 1739 664 et

273 691 369 725 exitu
389 697 424 725 et
442 703 517 725 cum
537 691 708 725 communi
736 697 879 738 pastura
906 690 1059 737 ejusdem
1084 711 1089 716 -
1128 690 1324 725 Reddendo
1350 691 1431 726 inde
1459 691 1634 726 annuatim
1660 703 1738 737 pre-

273 752 355 787 dicti
384 752 482 786 Prior
501 758 694 786 conuentus
722 758 757 786 et
784 751 835 786 sui
865 763 1084 786 successores
1112 751 1168 797 qui
1200 763 1262 797 pro
1293 758 1448 798 tempore
1478 751 1609 786 fuerint
1639 751 1738 786 nobis

272 813 459 847 heredibus
477 812 755 847 antecessoribus
774 818 809 846 et
828 812 1088 846 successoribus
1107 812 1234 846 nostris
1254 825 1331 846 suas
1347 812 1543 859 spirituales
1561 825 1684 860 preces
1703 819 1739 847 et

274 874 447 908 orationes
465 886 609 908 vnacum
629 873 866 908 anniuersario
885 873 1058 907 annuatim
1080 879 1117 907 ut
1136 885 1239 919 supra
1256 872 1385 907 dictum
1405 879 1459 908 est
1474 882 1483 909 l
1500 886 1562 920 pro
1580 873 1738 907 omnibus

273 935 348 969 aliis
366 934 521 969 seruiciis
541 934 779 969 exactionibus
798 947 859 968 seu
878 933 1056 968 demandis
1076 946 1142 981 que
1162 933 1205 968 de
1225 933 1326 968 dictis
1345 934 1448 968 terris
1461 934 1555 981 exigi
1572 940 1739 981 poterunt

274 995 467 1042 aliqualiter
487 1008 547 1030 seu
567 995 696 1042 requiri
719 1016 725 1021 -
748 995 787 1029 In
808 995 906 1041 cujus
924 995 976 1029 rei
995 995 1229 1030 testimonium
1249 995 1399 1042 sigillum
1418 1002 1573 1030 nostrum
1593 1008 1736 1031 vnacum

274 1056 388 1102 sigillo
407 1056 630 1091 dilectissime
650 1056 778 1090 sororis
797 1062 916 1090 nostre
935 1056 1132 1103 supradicte
1151 1056 1373 1104 presentibus
1385 1063 1465 1091 sunt
1478 1069 1631 1104 appensa
1648 1057 1737 1104 apud

274 1118 463 1153 manerium
481 1124 637 1152 nostrum
656 1118 699 1153 de
720 1118 974 1164 Inchmyrryne
1002 1118 1084 1165 xviij
1114 1118 1170 1153 die
1198 1119 1326 1153 mensis
1355 1118 1440 1165 Maij
1474 1131 1563 1153 anno
1595 1118 1738 1153 Domini

274 1178 453 1213 millesimo
472 1179 817 1226 quadringentesimo
842 1179 1128 1226 quinquagesimo
1157 1179 1265 1226 primo
1287 1200 1293 1206 ·
1318 1179 1544 1215 Presentibus
1565 1179 1736 1214 Murdaco

276 1240 465 1275 Senescalli
492 1240 535 1274 de
564 1240 715 1275 Albania
746 1240 853 1274 milite
871 1249 879 1276 Ι
897 1240 1055 1275 Arthuro
1088 1240 1280 1276 Senescalli
1310 1241 1354 1276 de
1387 1240 1737 1277 AlbanialRoberto

277 1301 467 1336 Senescalli
511 1301 555 1335 de
600 1301 753 1336 Albania
796 1301 968 1336 scutiferis
999 1310 1007 1338 l
1038 1301 1247 1336 Alexandro
1293 1301 1521 1337 Sandelandis
1572 1301 1737 1337 Donaldo

277 1361 439 1408 Hugonis
459 1362 624 1396 Donaldo
643 1362 770 1397 clerico
787 1375 863 1397 cum
883 1362 999 1397 multis
1018 1362 1093 1397 aliis

276 1544 381 1579 Carta
399 1557 448 1578 xx
466 1544 651 1579 solidorum
671 1545 714 1579 de
732 1545 838 1579 firmis
865 1545 908 1580 de
937 1545 1195 1580 Incheruerusk
1226 1558 1289 1592 per
1319 1546 1494 1581 dominum
1527 1547 1734 1582 Duncanum

273 1605 305 1639 le
326 1605 483 1640 Cambell
502 1605 546 1640 de
568 1605 715 1640 Lochaw

275 1701 463 1768 Omnibus
483 1730 571 1765 hanc
589 1736 716 1765 cartam
735 1730 860 1765 visuris
887 1731 942 1765 vel
969 1730 1137 1765 audituris
1169 1730 1363 1765 Duncanus
1393 1731 1426 1766 le
1447 1730 1605 1766 Cambell
1636 1731 1735 1766 miles

272 1791 430 1826 dominus
448 1792 492 1826 de
511 1791 661 1826 Lochaw
699 1791 851 1826 Salutem
870 1791 904 1825 in
924 1791 1077 1826 Domino
1105 1792 1350 1838 sempiternam
1396 1792 1577 1827 Noueritis
1596 1805 1659 1827 nos
1677 1793 1735 1827 de-

272 1852 363 1887 disse
391 1852 606 1887 concessisse
633 1858 669 1887 et
694 1852 758 1887 hac
787 1852 943 1899 presenti
973 1859 1067 1887 carta
1096 1858 1217 1887 nostra
1242 1853 1495 1900 imperpetuum
1515 1854 1735 1888 confirmasse

272 1913 451 1948 Fratribus
471 1913 752 1948 Predicatoribus
779 1913 822 1948 de
844 1913 980 1960 Glasgu
996 1922 1005 1949 l
1020 1913 1055 1948 in
1081 1913 1227 1948 liberam
1251 1926 1371 1960 puram
1400 1920 1435 1948 et
1452 1920 1656 1961 perpetuam
1675 1914 1735 1949 eli—

271 1974 436 2008 mosinam
455 1974 497 2008 ad
516 1974 775 2021 reparacionem
795 1980 830 2009 et
861 1974 1152 2009 sustentacionem
1171 1974 1385 2009 edificiorum
1416 1987 1555 2009 suorum
1587 1975 1660 2009 siue
1692 1975 1734 2009 ad

272 2040 474 2069 ornamenta
493 2034 727 2070 ecclesiastica
746 2035 938 2082 reparanda
956 2035 1030 2070 siue
1061 2036 1103 2070 ad
1130 2048 1355 2083 quoscunque
1374 2035 1459 2070 alios
1488 2036 1565 2083 pios
1583 2049 1664 2070 vsus
1692 2036 1735 2070 ad

271 2094 343 2129 Dei
357 2095 486 2130 cultum
506 2096 758 2143 imperpetuum
778 2096 993 2143 pertinentes
1010 2105 1019 2133 l
1036 2097 1160 2143 viginti
1180 2097 1309 2132 solidos
1327 2097 1456 2132 vsualis
1473 2104 1612 2132 monete
1631 2098 1733 2144 regni

274 2155 393 2190 Scocie
412 2156 586 2190 annuatim
605 2157 648 2191 de
667 2157 773 2192 firmis
791 2163 961 2192 terrarum
980 2157 1023 2192 de
1042 2157 1303 2192 Incheruerusk
1316 2158 1504 2205 jacentium
1525 2157 1614 2192 infra
1628 2158 1734 2192 domi-

270 2216 364 2250 nium
383 2216 426 2250 de
447 2215 585 2251 Cowale
607 2217 702 2252 iuxta
725 2217 835 2252 lacum
863 2223 1018 2253 nostrum
1045 2218 1088 2253 de
1116 2217 1288 2265 Lochayk
1325 2218 1579 2266 Quamquidem
1605 2225 1733 2253 terram

271 2276 428 2310 volumus
447 2289 524 2311 esse
556 2277 656 2312 dictis
684 2277 863 2312 Fratribus
881 2279 937 2312 vel
965 2291 1083 2313 eorum
1113 2280 1329 2326 procuratori
1361 2292 1422 2314 seu
1452 2279 1732 2326 procuratoribus

271 2349 338 2382 quo
369 2336 412 2371 ad
441 2336 506 2371 hec
535 2337 790 2383 imperpetuum
820 2338 1005 2384 obligatam
1036 2339 1079 2373 ad
1106 2339 1192 2374 duos
1219 2340 1300 2374 anni
1326 2340 1492 2375 terminos
1510 2339 1730 2374 medietatem
