1922 2764
620 284 660 319 Β.
690 284 736 319 V.
765 284 934 319 MARIE
962 283 1031 319 ET
1059 285 1093 319 S.
1124 284 1282 320 ANNE.
1635 293 1681 329 49

222 381 456 417 correctiones
483 386 640 428 spectare
667 381 800 416 decano
826 386 862 416 et
889 381 1040 427 capitulo
1066 381 1214 416 ecclesie
1240 384 1505 430 metropolitane
1531 385 1681 433 Glasgu-

222 442 315 477 ensis
330 451 340 479 l
357 442 602 477 Prebendariis
628 454 712 477 vero
730 441 996 476 fornicatoribus
1023 441 1102 476 volo
1122 454 1240 476 eorum
1263 443 1497 478 correctiones
1524 451 1681 492 spectare

221 502 395 537 ordinario
414 508 450 538 et
468 502 542 537 eius
561 501 800 537 commissariis
827 502 993 536 maiorum
1013 514 1218 537 excessuum
1234 523 1240 529 ·
1262 503 1352 538 Item
1378 505 1530 539 secundo
1548 505 1627 540 volo
1646 512 1683 541 vt

221 563 304 598 dicti
326 563 548 610 prebendarii
568 576 609 598 eo
628 563 729 597 modo
748 562 840 597 omni
858 562 966 597 tercia
982 562 1070 597 feria
1085 571 1094 599 Ι
1110 562 1138 597 si
1162 575 1182 597 a
1204 562 1294 597 festo
1312 564 1488 598 vacauerit
1512 564 1681 600 sinautem

220 624 254 658 in
282 623 438 671 proxima
462 623 550 658 feria
579 632 588 660 1
616 623 744 658 mensis
772 623 926 669 Augusti
953 622 1137 657 visitentur
1165 615 1227 669 per
1254 622 1381 657 dictum
1411 623 1578 658 decanum
1607 625 1680 659 siue

220 684 421 718 canonicum
449 688 484 718 et
509 683 698 730 puniantur
723 696 786 730 pro
813 696 932 718 eorum
957 683 1158 718 excessibus
1177 688 1213 718 et
1231 683 1366 718 delictis
1386 704 1392 710 ·
1409 684 1497 718 Item
1525 684 1681 720 similiter

219 744 298 779 volo
325 744 416 791 quod
443 744 526 779 dicti
552 744 775 790 prebendarii
801 744 985 779 visitentur
1011 756 1074 790 per
1100 749 1271 778 rectorem
1301 743 1406 778 Alme
1432 744 1681 780 Vniuersitatis

223 805 454 851 Glasguensis
481 810 516 840 et
542 805 709 840 decanum
736 805 907 839 facultatis
935 804 1089 839 eiusdem
1116 804 1208 838 omni
1234 804 1344 851 primo
1370 804 1426 839 die
1453 805 1581 839 mensis
1609 805 1681 840 De-

219 865 366 900 cembris
397 865 571 900 annuatim
598 874 607 902 l
633 865 661 899 si
687 878 707 900 a
732 865 821 900 festo
847 865 1024 900 vacauerit
1054 865 1224 899 sinautem
1253 864 1412 912 proxima
1438 865 1494 900 die
1522 866 1682 912 sequenti

217 925 341 961 feriata
355 934 364 962 Ι
380 926 428 961 Et
442 926 598 961 similiter
613 926 705 960 omni
720 926 872 960 secunda
889 926 946 960 die
962 925 1090 960 mensis
1108 925 1195 959 Maii
1212 933 1220 961 l
1237 925 1265 959 si
1284 938 1302 959 a
1316 925 1405 960 festo
1420 926 1596 960 vacauerit
1614 926 1681 961 sin-

218 993 332 1021 autem
350 986 508 1034 proxima
525 986 581 1021 die
601 986 760 1033 sequenti
777 995 785 1022 s
801 986 986 1021 visitentur
1003 999 1067 1033 per
1085 986 1196 1020 dictos
1214 992 1385 1020 rectorem
1405 985 1509 1020 Alme
1530 986 1682 1022 Vniuer-

218 1047 327 1082 sitatis
355 1053 390 1082 et
416 1048 583 1082 decanum
601 1047 773 1082 facultatis
800 1047 923 1081 artium
951 1047 1105 1081 eiusdem
1132 1053 1168 1081 et
1194 1047 1383 1081 secundum
1408 1059 1527 1082 eorum
1554 1047 1681 1083 delicta

218 1114 254 1143 et
271 1121 436 1144 excessus
454 1108 672 1155 corrigantur
691 1113 727 1142 et
744 1107 932 1155 puniantur
955 1113 994 1142 vt
1017 1120 1121 1155 supra
1139 1129 1145 1134 ·
1163 1107 1251 1142 Item
1270 1107 1314 1142 do
1334 1113 1370 1142 et
1387 1108 1526 1155 assigno
1543 1108 1680 1143 balliuis

218 1169 366 1204 ciuitatis
388 1169 619 1216 Glasguensis
636 1174 804 1216 [propter
836 1168 1046 1215 singularem
1077 1168 1320 1203 confidentiam
1347 1181 1447 1215 quam
1475 1181 1559 1215 erga
1586 1168 1679 1215 ipsos

217 1235 378 1276 tanquam
404 1235 568 1277 patronos
595 1229 686 1264 dicte
715 1229 911 1275 Collegiate
940 1229 1099 1264 Ecclesie
1127 1241 1213 1275 gero
1239 1237 1248 1265 l
1275 1229 1460 1263 tresdecim
1488 1229 1616 1263 solidos
1644 1236 1680 1264 et

217 1296 364 1336 quatuor
382 1290 543 1325 denarios
560 1289 735 1324 annuatim
755 1289 798 1324 ad
823 1289 1096 1336 supportandum
1114 1289 1348 1324 auxiliandum
1367 1295 1403 1324 et
1420 1288 1678 1324 defendendum

217 1349 327 1385 dictos
352 1350 602 1398 prebendarios
627 1362 690 1397 pro
715 1349 957 1397 importatione
975 1349 1148 1384 fructuum
1167 1349 1356 1384 eorundem
1376 1349 1424 1384 Et
1442 1349 1484 1384 ad
1503 1350 1678 1385 consider-

216 1410 342 1445 andum
368 1411 525 1446 defectus
551 1416 831 1445 tenementorum
856 1423 919 1457 per
945 1423 999 1445 me
1027 1410 1264 1445 edificatorum
1283 1415 1318 1444 et
1336 1416 1603 1457 conquestorum
1631 1411 1678 1446 Et

216 1471 373 1506 similiter
391 1471 549 1506 defectus
568 1471 714 1506 ecclesie
734 1471 767 1505 in
789 1471 917 1518 tegulis
935 1471 1025 1505 vitro
1043 1471 1101 1517 lye
1123 1476 1309 1518 poyntyng
1328 1470 1375 1504 Et
1393 1470 1550 1505 similiter
1576 1470 1678 1506 libro-

214 1544 289 1566 rum
308 1538 344 1567 et
361 1532 647 1567 vestimentorum
665 1531 757 1566 dicte
777 1531 923 1566 ecclesie
947 1540 955 1568 l
978 1531 1026 1566 Et
1050 1531 1077 1566 si
1097 1531 1180 1566 dicti
1205 1531 1428 1578 prebendarii
1454 1531 1676 1579 negligentes

213 1592 343 1628 fuerint
368 1593 402 1627 in
429 1592 606 1640 premissis
624 1592 704 1627 volo
722 1598 760 1627 vt
778 1597 1042 1639 sequestrentur
1070 1604 1189 1626 eorum
1206 1591 1338 1626 fructus
1365 1604 1473 1638 vsque
1500 1592 1543 1626 ad
1569 1592 1676 1626 refor-

214 1654 398 1689 mationem
426 1654 640 1701 singulorum
667 1653 866 1688 defectuum
894 1653 941 1688 Et
960 1653 1026 1687 hoc
1044 1652 1124 1699 quia
1142 1658 1222 1687 sunt
1239 1651 1414 1698 assignata
1432 1652 1562 1686 eisdem
1581 1659 1675 1687 terre

212 1720 413 1750 tenementa
437 1720 472 1750 et
496 1714 601 1749 annui
627 1714 785 1749 redditus
812 1714 855 1749 ad
880 1713 1048 1761 premissa
1074 1712 1188 1747 omnia
1214 1718 1250 1747 et
1276 1712 1412 1759 singula
1437 1712 1675 1759 perimplenda

213 1775 260 1810 Et
277 1775 342 1810 hoc
368 1775 421 1810 bis
446 1775 481 1809 in
509 1787 599 1810 anno
618 1774 784 1810 videlicet
803 1774 838 1808 in
857 1774 1049 1809 ebdomada
1075 1773 1333 1808 Penthecostali
1352 1779 1387 1807 et
1404 1772 1439 1806 in
1459 1772 1672 1807 ebdomada!

211 1836 315 1871 tertia
333 1835 545 1871 Nouembris
567 1856 573 1862 ·
600 1835 690 1870 Item
709 1835 788 1870 volo
807 1835 898 1882 quod
920 1835 1011 1870 dicte
1039 1846 1169 1869 summe
1196 1833 1395 1880 pecuniarie
1422 1832 1594 1878 assignate
1613 1831 1670 1865 de-

211 1909 297 1931 cano
316 1902 351 1931 et
369 1896 534 1931 canonico
561 1896 708 1931 ecclesie
735 1895 1001 1942 metropolitane
1024 1894 1255 1941 Glasguensis
1282 1890 1603 1940 supramentionatis
1630 1903 1669 1925 ac

209 1956 338 1991 rectori
365 1956 470 1991 Alme
489 1955 739 1991 Vniuersitatis
767 1961 803 1990 et
828 1955 960 1990 decano
981 1954 1152 1989 facultatis
1178 1953 1301 1988 artium
1329 1953 1480 1988 eiusdem
1506 1962 1545 1984 ac
1572 1950 1667 1985 balli-

210 2017 262 2052 uis
281 2017 431 2052 ciuitatis
453 2016 685 2063 Glasguensis
713 2016 891 2050 soluantur
910 2015 1040 2049 eisdem
1059 2013 1234 2048 annuatim
1261 2025 1323 2059 per
1343 2009 1557 2057 Prepositum
1577 2015 1613 2044 et
1631 2010 1665 2044 in

210 2077 284 2112 eius
310 2077 467 2112 absentia
491 2090 554 2124 per
580 2077 816 2123 presidentem
841 2075 932 2110 dicte
960 2073 1119 2109 Ecclesie
1140 2073 1335 2119 Collegiate
1361 2071 1408 2105 Et
1432 2070 1497 2104 hoc
1522 2083 1664 2117 propor-

209 2138 420 2172 tionabiliter
438 2137 634 2172 visitatione
653 2143 767 2171 tamen
786 2135 881 2182 prius
898 2135 988 2169 facta
1003 2142 1012 2170 l
1029 2134 1095 2169 Cui
1116 2133 1296 2181 Preposito
1311 2136 1346 2166 et
1364 2131 1398 2164 in
1418 2130 1491 2165 eius
1509 2130 1666 2166 absentia

208 2198 400 2245 presidenti
411 2198 454 2232 ad
467 2197 635 2245 premissa
648 2196 886 2243 perimplenda
899 2194 1038 2241 assigno
1053 2200 1088 2229 et
1102 2194 1146 2228 do
1161 2199 1231 2228 tres
1247 2204 1341 2227 acras
1358 2196 1452 2225 terre
1467 2203 1543 2225 cum
1558 2191 1663 2227 dime-

209 2258 265 2292 dia
278 2258 435 2304 jacentes
449 2258 484 2292 in
499 2257 607 2292 crofta
621 2256 715 2291 Diue
732 2256 891 2302 Virginis
910 2255 1024 2289 Marie
1042 2255 1133 2289 inter
1147 2261 1256 2289 terras
1274 2251 1496 2299 prebendarii
1515 2252 1597 2286 noni
1617 2266 1661 2287 ex

208 2317 412 2352 occidentali
431 2317 479 2352 Et
496 2322 606 2352 terras
625 2317 815 2363 assignatas
832 2328 896 2363 pro
911 2315 1066 2362 exequiis
1082 2313 1296 2349 celebrandis
1316 2312 1490 2347 annuatim
1508 2325 1571 2359 pro
1589 2313 1659 2347 ani-

924 2384 943 2405 G
