1922 2764
211 289 275 320 112
533 283 688 318 LIBER
714 282 962 318 ECCLESIE
992 279 1332 317 COLLEGIATE

208 382 313 417 entali
343 381 497 428 partibus
513 390 521 417 l
539 381 626 415 Item
657 380 700 414 ad
730 380 898 426 quoddam
930 379 1023 413 aliud
1055 383 1291 413 tenementum
1323 382 1482 423 spectans
1511 376 1663 412 Johanni

215 443 324 478 Sellar
343 442 475 477 debens
494 441 667 475 annuatim
688 440 878 487 vigintisex
897 439 1023 474 solidos
1043 444 1078 473 et
1096 444 1173 472 octo
1192 437 1351 471 denarios
1367 437 1486 483 jacens
1505 449 1547 472 ex
1566 443 1663 484 parte

209 502 393 550 posteriori
424 501 647 548 suprascripti
677 500 868 535 tenementi
899 498 1047 534 edificati
1083 511 1146 544 per
1177 497 1305 532 dictum
1336 497 1536 544 magistrum
1562 498 1662 533 Jaco-

208 564 287 598 bum
306 563 523 597 fundatorem
542 568 577 596 et
596 574 640 596 ex
658 560 863 596 occidentali
889 565 986 606 parte
1006 558 1160 593 eiusdem
1177 566 1185 594 Ι
1203 558 1291 592 Item
1317 558 1359 592 ad
1378 558 1547 604 quoddam
1566 564 1662 593 tene-

209 630 361 658 mentum
383 621 577 658 Alexandri
600 622 731 668 Stevyn
755 621 875 667 jacens
894 620 928 653 in
949 619 1018 653 Via
1044 618 1232 652 Furcarum
1252 630 1295 652 ex
1322 618 1453 653 boreali
1479 624 1577 665 parte
1596 618 1662 653 vici

209 684 363 719 eiusdem
382 684 513 718 debens
531 682 704 717 annuatim
724 681 842 715 decem
862 679 990 713 solidos
1008 678 1113 713 annui
1130 678 1287 713 redditus
1305 678 1424 725 jacens
1443 678 1533 713 inter
1551 685 1662 713 terras

211 743 415 779 Archibaldi
443 742 642 777 Blakburne
663 753 708 775 ex
726 739 884 774 orientali
903 745 938 773 et
955 745 1066 773 terras
1089 738 1258 785 quondam
1276 738 1398 774 Jacobi
1419 739 1598 773 W'ilsoune
1617 752 1662 773 ex

208 803 412 839 occidentali
431 802 583 850 partibus
601 810 609 837 l
627 800 713 835 Item
733 800 776 834 ad
795 799 964 846 quoddam
991 799 1152 833 horreum
1180 805 1339 845 spectans
1357 799 1488 835 Jacobo
1507 799 1661 834 Inschaw

205 865 324 911 jacens
343 864 377 897 in
396 863 487 897 dicta
506 862 574 896 Via
590 861 778 895 Fui-carum
798 859 972 894 annuatim
991 859 1122 893 debens
1141 865 1218 893 octo
1237 859 1365 893 solidos
1383 859 1487 894 annui
1506 859 1661 894 redditus

209 925 300 959 inter
331 930 440 958 terras
474 921 637 956 Willelmi
671 921 846 956 Grahame
878 933 921 954 ex
953 920 1157 954 occidentali
1191 925 1226 954 et
1261 919 1379 953 Dauid
1412 919 1586 954 Grahame
1617 931 1662 954 ex

209 984 368 1019 orientali
395 983 548 1031 partibus
564 991 573 1018 Ι
590 982 678 1016 Item
705 981 747 1015 ad
774 980 943 1027 quoddam
970 980 1130 1014 horreum
1159 986 1319 1026 spectans
1346 980 1463 1014 Dauid
1486 980 1660 1015 Grahame

204 1046 323 1092 jacens
350 1044 384 1077 in
411 1043 544 1090 prefata
569 1042 624 1076 via
650 1041 823 1076 annuatim
851 1041 982 1075 debens
1011 1040 1192 1075 duodecim
1220 1040 1346 1074 solidos
1373 1040 1477 1074 annui
1503 1041 1660 1076 redditus

208 1106 298 1140 inter
316 1111 426 1138 terras
443 1102 564 1139 Jacobi
584 1102 738 1136 Inschaw
758 1114 802 1136 ex
821 1101 1026 1135 occidentali
1045 1107 1080 1135 et
1097 1107 1207 1135 terras
1229 1101 1430 1135 Archibaldi
1461 1101 1659 1136 Blakburne

208 1179 253 1201 ex
271 1164 429 1200 orientali
448 1164 601 1210 partibus
618 1171 626 1199 l
644 1163 730 1197 Item
750 1163 792 1197 ad
812 1175 915 1197 vnum
935 1162 1025 1196 aliud
1050 1162 1211 1196 horreum
1234 1162 1354 1208 jacens
1381 1162 1414 1195 in
1442 1162 1574 1208 prefata
1594 1162 1661 1196 Via

210 1227 397 1261 Furcarum
425 1230 584 1271 spectans
605 1223 818 1257 Archibaldo
843 1222 1043 1257 Blakburne
1071 1222 1243 1256 annuatim
1271 1222 1402 1256 debens
1429 1228 1506 1256 octo
1534 1222 1661 1256 solidos

206 1286 310 1321 annui
329 1285 484 1319 redditus
503 1284 592 1318 inter
610 1289 722 1318 terras
742 1283 889 1317 Dauidis
911 1282 1086 1317 Grahame
1106 1296 1150 1317 ex
1169 1282 1372 1317 occidentali
1398 1288 1432 1316 et
1449 1287 1560 1317 terras
1578 1283 1661 1317 dicti

208 1346 302 1381 Noui
323 1344 473 1391 Collegii
492 1357 536 1378 ex
555 1343 714 1378 orientali
732 1343 886 1390 partibus
903 1351 912 1379 l
929 1343 1017 1377 Item
1036 1343 1078 1377 ad
1097 1349 1228 1390 septem
1250 1343 1352 1377 rodas
1371 1348 1463 1377 terre
1483 1355 1558 1378 cum
1577 1343 1660 1378 duo-

207 1407 271 1441 bus
290 1406 335 1440 lie
355 1405 457 1440 cuttis
473 1404 630 1451 jacentes
649 1416 753 1450 super
773 1403 981 1449 Eglishamis
998 1403 1098 1438 Croft
1117 1404 1207 1437 inter
1225 1409 1336 1437 terras
1357 1403 1502 1437 Roberti
1524 1403 1661 1449 Smytht

207 1480 253 1502 ex
272 1466 429 1501 orientali
448 1471 484 1499 et
507 1470 617 1499 terras
644 1464 814 1510 quondam
842 1463 1075 1498 Bartholomei
1105 1463 1228 1509 Somyr
1255 1476 1298 1497 ex
1326 1463 1530 1498 occidentali
1556 1463 1660 1510 parti-

207 1529 271 1562 bus
288 1536 296 1563 Ι
316 1533 351 1561 et
369 1526 411 1561 ad
430 1526 513 1559 duas
532 1530 645 1559 curtas
663 1524 756 1570 rigas
779 1524 936 1570 jacentes
956 1524 990 1557 in
1011 1524 1129 1558 eadem
1150 1524 1258 1558 crofta
1276 1524 1367 1558 inter
1385 1530 1496 1558 terras
1515 1524 1659 1570 capella-

207 1588 263 1622 nie
285 1586 400 1622 Sancti
417 1585 539 1622 Jacobi
558 1597 601 1619 ex
620 1585 825 1619 occidentali
841 1593 850 1620 Ι
867 1590 977 1618 terras
1004 1583 1127 1630 prefati
1155 1584 1309 1630 magistri
1326 1584 1448 1619 Jacobi
1468 1584 1657 1618 fundatoris

208 1661 252 1683 ex
271 1647 428 1682 orientali
447 1652 483 1681 et
499 1652 609 1680 terras
628 1645 709 1679 dicti
728 1645 898 1691 quondam
924 1644 1157 1679 Bartholomei
1187 1644 1309 1690 Somyr
1328 1656 1372 1678 ex
1390 1644 1529 1678 australi
1556 1645 1659 1691 parti-

207 1709 271 1743 bus
287 1716 295 1744 Ι
313 1708 400 1742 Item
427 1707 469 1740 ad
497 1712 606 1740 terras
633 1711 845 1752 nuncupatas
862 1714 870 1740 l
888 1705 1031 1739 Thomis
1060 1705 1210 1739 Orchart
1226 1713 1235 1740 Ι
1251 1704 1333 1739 alias
1349 1713 1358 1740 l
1376 1701 1572 1739 Mentethis
1591 1704 1658 1739 Or-

208 1769 304 1803 chart
320 1767 497 1813 ljacentes
515 1766 606 1800 inter
624 1771 734 1800 terras
752 1765 957 1799 vicariorum
976 1765 1070 1799 chori
1089 1764 1320 1810 Glasguensis
1339 1777 1384 1799 ex
1402 1765 1606 1799 occidentali
1625 1771 1661 1799 et

209 1836 318 1865 terras
349 1828 519 1875 quondam
550 1827 669 1862 Dauid
700 1827 862 1861 Menteth
895 1839 938 1861 ex
970 1826 1128 1861 orientali
1146 1835 1154 1862 Ι
1170 1832 1280 1860 terras
1311 1826 1481 1873 quondam
1512 1826 1659 1873 Georgii

208 1889 328 1924 Burell
347 1902 391 1924 ex
409 1888 539 1923 boreali
559 1893 593 1922 et
610 1893 721 1922 terras
740 1887 910 1934 quondam
940 1887 1084 1921 Roberti
1114 1887 1233 1932 Roger
1252 1899 1295 1921 ex
1314 1887 1453 1921 australi
1480 1887 1634 1934 partibus
1650 1896 1659 1923 Ι

209 1951 377 1984 debentes
397 1949 570 1984 annuatim
585 1948 671 1982 duos
691 1947 817 1982 solidos
832 1947 934 1982 annui
953 1947 1110 1982 redditus
1127 1955 1135 1983 l
1152 1947 1239 1982 Item
1255 1947 1297 1981 ad
1315 1953 1386 1981 tres
1404 1960 1552 1993 aggeres
1567 1953 1660 1982 terre

209 2010 365 2056 jacentes
385 2009 417 2042 in
439 2009 635 2054 Cropnesto
654 2008 822 2042 debentes
842 2007 1015 2042 annuatim
1035 2007 1215 2041 duodecim
1238 2007 1365 2041 solidos
1384 2007 1486 2041 annui
1505 2008 1662 2042 redditus

204 2070 361 2116 jacentes
387 2069 477 2103 inter
496 2075 606 2103 terras
633 2068 792 2102 Fratrum
813 2068 1070 2102 Predicatorum
1091 2068 1238 2102 ciuitatis
1261 2068 1492 2114 Glasguensis
1510 2081 1555 2102 ex
1573 2068 1660 2102 oeci-

208 2129 337 2163 dentali
357 2135 392 2163 et
410 2135 519 2163 terras
538 2129 726 2175 capellanie
757 2129 881 2163 Sancte
902 2128 1027 2163 Teneu
1053 2141 1097 2162 ex
1122 2128 1280 2162 orientali
1306 2128 1460 2175 partibus
1477 2137 1486 2164 Ι
1503 2128 1590 2163 Item
1617 2129 1661 2162 ad

209 2190 359 2236 quinque
372 2189 472 2222 rodas
486 2195 652 2223 terrarum
665 2195 878 2236 nuncupatas
895 2198 903 2225 l
921 2189 998 2223 The
1015 2189 1105 2223 How
1121 2188 1209 2223 Akir
1226 2189 1403 2235 ljaeentes
1415 2189 1449 2222 in
1464 2189 1659 2235 Cropnesto

208 2250 300 2284 inter
327 2255 437 2283 terras
456 2247 592 2283 Tumbe
623 2249 738 2283 Sancti
767 2249 975 2295 Kentigerni
1003 2262 1047 2283 ex
1074 2249 1233 2283 orientali
1260 2255 1295 2283 et
1321 2254 1431 2283 terras
1455 2249 1658 2283 vicariorum

208 2309 303 2344 chori
325 2308 555 2355 Glasguensis
574 2321 618 2343 ex
637 2308 841 2343 occidentali
867 2309 1021 2355 partibus
1038 2318 1047 2345 Ι
1064 2309 1151 2343 Item
1170 2309 1212 2343 ad
1236 2321 1335 2342 vnam
1363 2321 1473 2343 acram
1492 2314 1584 2343 terre
1604 2321 1657 2342 oc-
