1922 2764
116 665 173 698 xii.

99 1583 170 1617 xiii.

225 317 293 348 242
810 314 1089 350 APPENDIX.

226 482 375 516 Annuus
394 483 549 517 redditus
580 483 614 530 iij
647 483 832 518 solidorum
852 484 895 518 de
915 491 1115 519 tenemento
1144 484 1279 520 Thome
1300 485 1481 520 Patrikson
1499 495 1508 522 l
1525 499 1568 521 ex
1588 494 1685 533 parte

225 543 383 578 orientali
404 543 482 578 Vici
502 543 684 578 Fullonum
707 564 714 571 ·

228 637 281 702 in
301 667 371 702 Dei
390 668 528 703 nomine
547 681 645 703 amen
684 670 789 703 Anno
808 682 827 703 a
845 669 1024 704 natiuitate
1045 669 1200 704 eiusdem
1224 669 1405 704 millesimo
1425 674 1558 705 ccccm·
1582 671 1653 717 xxij
1678 691 1682 696 -

226 729 353 763 mensis
379 729 473 776 Junij
503 729 558 764 die
578 729 672 775 xxvij
697 750 702 755 ·
727 730 765 763 In
798 730 864 764 mei
897 729 1018 776 notarij
1052 730 1234 776 presencia
1263 730 1472 777 infrascripti
1491 738 1526 765 et
1546 731 1684 765 testium

225 790 496 837 subscriptorum
524 790 703 837 presencica
734 790 963 837 personaliter
990 790 1198 824 constitutus
1226 789 1379 824 Thomas
1399 790 1582 825 Patrikson
1605 791 1683 825 bur-

224 850 343 896 gensis
362 851 405 885 de
428 851 564 896 Glasgu
586 871 591 876 -
616 851 773 885 vendidit
798 850 950 886 Johanni
978 850 1020 885 de
1051 851 1128 885 Rob
1157 851 1323 897 burgensi
1351 850 1433 885 dicti
1459 851 1562 898 burgi
1584 873 1589 878 ·
1613 859 1684 886 tres

225 911 352 945 solidos
383 911 487 945 annui
519 911 674 946 redditus
704 932 710 937 ·
738 911 924 946 soluendos
959 912 1132 946 annuatim
1165 911 1209 946 de
1240 918 1439 946 tenemento
1470 913 1560 958 quod
1593 925 1684 946 nunc

224 971 391 1006 inhabitat
431 972 518 1006 idem
556 971 708 1006 Thomas
743 972 883 1018 jacente
916 972 949 1005 in
987 972 1072 1006 Vico
1104 972 1287 1006 Fullonum
1320 985 1364 1006 ex
1394 979 1493 1019 parte
1525 973 1683 1008 orientali

224 1032 377 1066 eiusdem
406 1032 496 1066 iuter
523 1039 648 1066 terram
680 1032 842 1066 Willelmi
864 1033 1029 1079 Stephani
1057 1045 1101 1067 ex
1129 1040 1226 1080 parte
1256 1033 1374 1068 boriali
1402 1040 1437 1068 et
1463 1041 1589 1068 terram
1610 1034 1683 1069 siue

223 1099 459 1127 tenementum
486 1093 577 1139 quod
605 1105 696 1127 nunc
723 1092 891 1127 inhabitat
920 1093 1024 1139 Deky
1054 1093 1194 1127 Huntar
1222 1105 1267 1128 ex
1294 1100 1391 1140 parte
1418 1094 1558 1128 australi
1588 1115 1593 1119 ·
1620 1107 1682 1141 pro

223 1153 451 1200 quadraginta
481 1153 599 1187 solidis
619 1153 745 1188 vsualis
774 1160 909 1188 monete
933 1174 938 1180 ·
964 1154 1054 1188 Acta
1072 1154 1213 1188 fuerunt
1244 1153 1309 1189 hec
1328 1154 1418 1201 apud
1440 1155 1575 1200 Glasgu
1606 1167 1682 1202 pre-

223 1214 378 1248 sentibus
400 1214 514 1248 Alano
534 1213 692 1260 Fergusij
714 1220 749 1248 et
768 1214 965 1261 Reginaldo
988 1215 1118 1249 Sowtar
1143 1215 1376 1260 burgensibus
1395 1215 1437 1250 de
1461 1215 1596 1262 Glasgu
1616 1222 1681 1250 tes-

223 1275 314 1309 tibus
335 1296 341 1301 ·
363 1275 523 1311 Johanne
542 1275 585 1309 de
605 1275 777 1309 Loudoun
796 1275 991 1322 presbitero
1014 1275 1227 1322 Glasguensi
1247 1276 1380 1310 notario
1403 1296 1409 1301 ·

224 1458 495 1492 Instrumentum
513 1456 642 1491 domini
664 1456 832 1503 Nicholaij
856 1456 943 1491 Wan
964 1469 1067 1504 super
1089 1464 1289 1492 tenemento
1308 1458 1340 1492 in
1362 1457 1393 1492 le
1413 1457 1568 1504 Drygait

223 1553 280 1619 ΙΝ
298 1584 373 1619 Dm
394 1596 538 1619 ΝΟΜΙΝΕ
561 1583 675 1618 Amen
699 1603 704 1608 -
727 1596 789 1629 per
807 1595 952 1629 presens
979 1582 1244 1616 instrumentum
1276 1588 1392 1629 pateat
1422 1583 1512 1629 quod
1544 1594 1634 1616 anno
1660 1596 1679 1616 a

223 1645 403 1679 natiuitate
422 1644 564 1690 Domiuj
594 1643 773 1678 millesimo
793 1646 919 1678 cccc¹¹³⁰
951 1643 1046 1689 xxiiij
1071 1663 1077 1668 -
1101 1642 1228 1677 mensis
1258 1643 1470 1689 Septembris
1490 1643 1545 1677 die
1564 1644 1646 1689 xxvj
1671 1664 1676 1669 ·

222 1705 262 1739 In
282 1705 349 1739 mei
369 1705 490 1751 notarij
511 1704 637 1751 publici
658 1710 692 1738 et
710 1703 848 1738 testium
869 1703 1138 1750 subscriptorum
1157 1703 1338 1750 presencia
1356 1703 1584 1750 personaliter
1599 1716 1678 1738 con-

222 1767 361 1801 stitutus
392 1766 562 1800 discretus
594 1765 646 1799 vir
677 1765 834 1799 dominus
868 1764 1056 1799 Nicholaus
1090 1764 1179 1799 Wan
1215 1765 1388 1812 presbiter
1418 1771 1500 1799 tunc
1531 1765 1678 1800 vicarius

221 1827 417 1862 ministrans
436 1827 470 1860 in
486 1827 590 1861 choro
609 1825 821 1871 Glasguensi
840 1825 981 1859 tradidit
999 1831 1033 1859 et
1047 1824 1237 1871 assignauit
1252 1824 1402 1859 Mariote
1417 1825 1534 1860 Brand
1553 1825 1677 1860 famule

221 1901 281 1923 sue
301 1894 336 1922 et
353 1887 486 1922 filiabus
506 1887 576 1921 suis
594 1894 676 1921 tunc
694 1885 884 1933 procreatis
902 1898 964 1932 per
983 1886 1119 1920 modum
1138 1885 1232 1920 tallie
1252 1885 1326 1920 siue
1352 1885 1555 1920 talliacionis
1574 1899 1678 1920 vnum

221 1955 456 1984 tenementum
477 1960 573 1982 suum
593 1948 708 1982 iacens
735 1947 769 1980 in
789 1946 929 1981 ciuitate
952 1946 1166 1992 Glasguensi
1194 1959 1237 1980 ex
1265 1952 1363 1993 parte
1382 1946 1522 1981 australi
1540 1946 1607 1981 vici
1633 1946 1677 1981 de

223 2009 414 2056 Dreggatis
433 2009 523 2043 inter
541 2014 778 2043 tenementum
798 2006 932 2041 Thome
954 2006 1135 2053 Taylyour
1154 2019 1199 2041 ex
1217 2013 1314 2053 parte
1342 2006 1501 2041 orientali
1528 2013 1564 2041 et
1581 2013 1676 2041 tene-

222 2077 372 2104 mentum
406 2069 568 2115 Hugonis
602 2070 749 2115 Symson
781 2080 827 2102 ex
857 2074 954 2114 parte
987 2066 1194 2102 occidentali
1223 2087 1229 2093 ·
1254 2067 1346 2101 Acta
1375 2067 1517 2101 fuerunt
1547 2067 1611 2101 hec
1641 2068 1675 2101 in

222 2131 312 2164 dicta
330 2130 469 2164 ciuitate
491 2129 703 2176 Glasguensi
730 2128 950 2175 presentibus
975 2127 1102 2162 ibidem
1122 2127 1378 2162 venerabilibus
1398 2134 1433 2162 et
1451 2127 1676 2174 circumspec—

221 2192 264 2225 tis
282 2191 365 2225 viris
392 2190 556 2236 magistro
583 2189 718 2224 Thoma
737 2188 834 2223 Trail
867 2187 1080 2223 thesaurario
1103 2187 1317 2234 Glasguensi
1349 2187 1485 2221 domino
1519 2187 1675 2221 Roberto

222 2251 312 2285 Burr
331 2251 483 2285 eiusdem
504 2250 681 2296 capellano
696 2249 898 2296 presbiteris
920 2269 926 2274 ·
952 2248 1106 2294 Hugone
1127 2247 1317 2282 Marschell
1335 2247 1462 2282 balliuo
1507 2247 1675 2282 Nicholao

220 2312 264 2347 de
281 2311 517 2357 Prendergest
531 2317 567 2345 et
584 2310 756 2344 Willelmo
775 2309 818 2343 de
836 2308 1017 2355 Kyrkland
1035 2308 1267 2354 burgensibus
1282 2307 1364 2342 dicti
1382 2307 1483 2353 burgi
1498 2307 1645 2341 testibus
1668 2329 1673 2333 -

220 2371 380 2408 ,Iohanne
399 2371 442 2405 de
463 2370 599 2416 Hawyk
617 2369 811 2416 presbitero
833 2368 1064 2415 Glasguensis
1085 2368 1232 2403 diocesis
1251 2368 1385 2403 notario
1404 2367 1542 2414 publico
1564 2388 1568 2392 ·
