1922 2764
634 256 675 291 B.
704 255 751 290 V.
779 255 949 289 MARIE
976 253 1045 289 ET
1074 255 1108 289 S.
1137 255 1298 290 ANNE.
1652 260 1689 290 ll

232 353 313 388 Deo
331 353 396 388 sibi
415 353 548 388 collatis
575 360 611 388 et
637 366 681 388 ex
708 353 782 388 eius
809 352 980 399 legittimo
1007 358 1200 399 conquestu
1227 352 1343 387 debite
1366 353 1540 400 acquisitis
1556 365 1561 390 s
1578 360 1693 390 vestre

231 421 345 449 tamen
363 414 656 449 reuerendissime
682 413 901 461 paternitatis
920 413 1126 448 auctoritate
1146 425 1319 447 consensu
1336 418 1373 448 et
1390 413 1607 460 beneplacito
1626 414 1692 460 pri-

231 475 332 509 mitus
344 475 658 510 interuenientibus
674 485 680 513 l
696 487 800 509 vnum
815 474 1013 520 Collegium
1025 486 1103 508 cum
1117 479 1213 507 certo
1226 473 1534 519 prebendariorum
1549 487 1692 508 numero

230 537 265 571 in
285 537 432 572 ecclesia
450 537 564 572 Marie
592 550 728 585 semper
748 536 908 583 Virginis
927 541 963 570 et
984 535 1088 570 Anne
1107 534 1226 569 matris
1247 534 1321 569 eius
1340 533 1525 569 Beatarum
1554 535 1691 569 nouiter

230 611 292 645 per
305 611 382 633 eum
395 611 415 633 a
425 598 659 633 fundamentis
672 603 870 633 constructa
880 607 890 634 l
900 597 1082 631 instituere
1094 595 1240 630 fundare
1253 594 1406 630 stabilire
1420 601 1455 629 et
1466 595 1603 641 erigere
1615 608 1692 642 pro-

231 659 328 706 ponit
346 666 382 694 et
398 660 550 695 intendit
593 660 640 695 Et
655 670 661 697 l
678 659 765 694 sicut
781 659 901 693 eadem
921 657 1155 705 subiungebat
1171 656 1294 704 petitio
1311 667 1316 693 s
1332 656 1359 691 si
1379 655 1506 690 vicaria
1523 664 1692 703 perpetua

230 721 453 768 parrochialis
472 721 619 756 ecclesie
639 721 683 756 de
704 721 818 767 Dalry
833 720 925 754 dicte
944 725 1062 754 vestre
1077 718 1226 753 diocesis
1244 730 1306 765 per
1325 717 1560 752 venerabilem
1581 717 1691 752 virum

229 782 430 828 magistrum
447 782 701 818 Christoforum
721 782 821 829 Boyd
841 781 906 816 sibi
925 780 1091 816 canonice
1110 780 1234 814 collata
1249 784 1284 813 et
1303 792 1365 826 per
1384 791 1460 813 eum
1480 778 1523 813 de
1538 779 1692 825 presenti

230 844 373 879 obtenta
389 852 397 879 l
414 843 488 878 eius
502 843 544 878 ad
562 843 628 878 hoc
643 856 810 890 expresso
825 842 1015 877 accedente
1030 853 1202 876 consensu
1219 848 1227 875 l
1244 839 1340 874 cuius
1358 839 1572 886 presentatio
1587 847 1622 874 et
1637 840 1693 885 jus

228 904 453 951 presentandi
480 904 640 951 quotiens
659 917 733 938 cam
752 916 876 938 vacare
895 902 1082 949 contigerit
1101 902 1143 936 ad
1170 914 1233 935 nos
1252 906 1288 936 et
1308 913 1528 935 successores
1555 907 1691 935 nostros

228 965 370 1000 abbates
389 971 425 1000 et
442 971 635 1000 conuentus
651 964 733 999 dicti
752 964 861 999 nostri
880 963 1086 998 Monasterii
1103 963 1146 997 de
1166 962 1419 1009 Kylwynnyng
1435 981 1438 997 s
1456 961 1593 996 collatio
1608 975 1692 996 vero

228 1026 380 1072 prouisio
399 1031 435 1060 et
452 1025 543 1060 illius
562 1025 733 1060 institutio
752 1025 795 1060 ad
813 1024 1140 1060 reuerendissimam
1167 1023 1411 1070 paternitatem
1438 1029 1588 1057 vestram
1616 1035 1691 1057 ves-

229 1094 368 1134 trosque
387 1099 606 1121 successores
625 1086 867 1133 Glasguenses
885 1085 1177 1132 Archiepiscopos
1192 1084 1296 1132 pleno
1311 1084 1390 1130 jure
1405 1090 1562 1131 spectare
1578 1084 1691 1118 dinos-

229 1148 317 1183 citur
336 1154 372 1183 et
389 1154 523 1196 spectat
538 1158 543 1185 r
559 1148 651 1182 dicto
669 1147 830 1194 Collegio
845 1146 1014 1194 erigendo
1029 1153 1065 1181 et
1079 1146 1170 1180 illius
1190 1145 1414 1192 Prepositure
1429 1158 1495 1192 que
1515 1145 1598 1179 inibi
1617 1145 1691 1192 dig-

227 1209 315 1244 nitas
329 1209 529 1256 principalis
543 1208 662 1243 existit
678 1217 686 1245 l
702 1208 860 1243 vniretur
872 1213 1119 1242 annecteretur
1133 1213 1167 1241 et
1182 1207 1462 1253 incorporaretur
1476 1205 1531 1240 Ac
1544 1206 1587 1240 de
1601 1206 1690 1240 fruc-

226 1271 318 1306 tibus
347 1270 501 1305 eiusdem
523 1269 651 1304 vicarie
678 1275 846 1316 perpetue
873 1269 907 1303 in
939 1267 1196 1315 Preposituram
1223 1267 1391 1314 erigende
1419 1273 1597 1301 crearetur
1624 1278 1691 1300 vna

227 1332 354 1366 vicaria
380 1330 601 1378 pensionaria
619 1330 729 1365 libera
746 1330 805 1364 vni
823 1329 952 1364 vicario
970 1328 1191 1376 pensionario
1218 1327 1396 1375 perpetuis
1414 1327 1539 1361 futuris
1560 1333 1690 1374 tempo-

225 1393 320 1428 ribus
338 1393 371 1427 in
392 1405 474 1427 cura
492 1392 584 1427 dicte
613 1391 759 1426 ecclesie
787 1389 1011 1438 parrochialis
1030 1390 1073 1424 de
1101 1389 1214 1435 Dalry
1240 1388 1476 1422 ministraturo
1497 1388 1690 1422 ascendens

226 1455 267 1490 ad
287 1466 451 1489 summam
469 1453 590 1488 decem
608 1453 772 1487 librarum
787 1451 916 1486 vsualis
934 1456 1073 1485 monete
1092 1449 1192 1496 regni
1216 1449 1330 1484 Scotie
1350 1455 1385 1483 et
1404 1461 1466 1484 sex
1485 1461 1581 1483 acras
1596 1456 1689 1483 terre

227 1514 460 1550 ecclesiastice
478 1513 607 1548 vicarie
634 1520 803 1560 perpetue
829 1512 988 1559 predicte
1014 1510 1184 1558 legittime
1204 1516 1401 1557 spectantes
1425 1522 1488 1556 pro
1512 1522 1630 1544 manso
1655 1516 1690 1544 et

227 1583 302 1611 orto
328 1576 420 1610 dicto
446 1574 575 1609 vicario
605 1573 826 1621 pensionario
854 1572 1046 1608 edificando
1062 1583 1068 1609 s
1083 1584 1146 1619 per
1176 1571 1241 1606 hoc
1269 1571 1372 1606 statui
1402 1570 1509 1618 ipsius
1539 1571 1689 1617 Collegii

226 1637 386 1684 erigendi
413 1642 448 1671 et
474 1635 679 1670 sublimandi
706 1634 890 1682 plurimum
917 1633 1162 1681 prouideretur
1189 1632 1370 1679 cultusque
1398 1632 1535 1666 diuinus
1561 1632 1688 1666 exinde

227 1704 509 1746 augmentaretur
535 1697 570 1731 iu
596 1697 718 1731 eodem
735 1705 743 1732 Ι
762 1696 881 1737 Quare
908 1708 971 1742 per
999 1694 1127 1729 dictum
1152 1693 1352 1740 magistrum
1376 1693 1543 1728 Jacobum
1574 1693 1688 1727 Hous-

226 1767 331 1794 toune
358 1759 590 1793 subdecanum
611 1757 693 1792 dicti
714 1757 864 1803 Collegii
883 1756 1029 1803 primum
1049 1762 1084 1790 et
1103 1754 1326 1801 principalem
1344 1753 1561 1787 fundatorem
1590 1754 1688 1788 nobis

227 1821 290 1856 fuit
314 1820 490 1855 humiliter
517 1818 745 1866 supplicatum
771 1824 810 1852 vt
836 1829 1042 1852 consensum
1074 1821 1228 1850 nostrum
1258 1814 1291 1848 in
1319 1813 1495 1861 premissis
1520 1813 1686 1848 exhibere

227 1888 262 1917 et
287 1888 445 1929 prestare
472 1881 695 1928 dignaremur
713 1896 718 1900 ·
738 1877 840 1913 NOS
868 1876 1058 1913 IGITUR
1084 1875 1289 1923 petitionem
1315 1874 1510 1908 huiusmodi
1538 1886 1581 1908 ex
1609 1887 1686 1921 pre-

226 1943 338 1977 missis
356 1942 578 1977 attendentes
597 1953 674 1975 esse
692 1952 809 1974 veram
835 1945 870 1973 et
891 1937 1016 1972 rationi
1044 1948 1228 1971 consonam
1246 1944 1254 1971 Ι
1270 1934 1425 1969 diuinum
1443 1934 1572 1969 cultum
1599 1948 1685 1970 sem-

226 2016 289 2051 per
315 2009 478 2051 quantum
505 2002 540 2036 in
567 2001 667 2036 nobis
695 2006 748 2035 est
774 2012 903 2045 augere
929 1997 1109 2044 cupientes
1126 2005 1134 2032 Ι
1150 1995 1318 2031 erectioni
1345 1994 1436 2029 dicte
1455 1995 1582 2030 vicarie
1607 2009 1683 2042 per-

225 2071 330 2112 petue
345 2065 388 2099 de
403 2063 516 2110 Dalry
531 2062 566 2096 in
582 2061 839 2108 Preposituram
859 2059 950 2093 dicte
969 2057 1116 2092 ecclesie
1136 2056 1250 2091 Marie
1269 2063 1305 2090 et
1324 2055 1430 2090 Anne
1445 2055 1630 2091 Beatarum
1649 2058 1684 2092 in

226 2125 418 2161 Ecclesiam
435 2123 664 2170 Collegiatam
679 2120 848 2166 erigende
865 2128 873 2155 Ι
891 2125 926 2153 et
944 2118 1026 2152 dicti
1046 2116 1201 2164 magistri
1218 2116 1426 2151 Christofori
1445 2116 1547 2163 Boyd
1566 2117 1684 2152 vicarii

228 2186 384 2222 moderni
401 2186 436 2220 in
456 2183 675 2231 Prepositum
699 2181 853 2215 eiusdem
872 2179 1019 2214 ecclesie
1039 2177 1270 2212 sublimationi
1287 2185 1296 2212 Ι
1312 2189 1351 2212 ac
1369 2177 1523 2212 eiusdem
1543 2178 1683 2213 dimem-

225 2247 372 2283 brationi
403 2259 466 2293 per
497 2242 820 2279 reuerendissimam
852 2239 1094 2288 paternitatem
1121 2244 1270 2272 vestram
1297 2237 1412 2272 fiende
1430 2246 1438 2274 Ι
1455 2244 1491 2273 et
1517 2239 1683 2273 creationi

227 2321 317 2344 noue
348 2306 475 2341 vicarie
505 2302 725 2352 pensionarie
759 2302 869 2336 libere
901 2307 937 2335 vt
972 2299 1182 2347 premittitur
1212 2299 1270 2333 vni
1302 2298 1429 2333 vicario
1462 2299 1681 2346 pensionario
