1922 2764
642 221 680 255 B.
712 221 757 255 V.
787 220 955 254 MARIE
985 220 1051 254 ET
1081 220 1114 255 S.
1146 219 1303 254 ANNE.
1656 223 1699 257 91

250 325 284 352 et
301 318 520 365 pertinentiis
534 317 725 352 venerabili
739 317 813 351 viro
828 317 992 363 magistro
1009 316 1141 352 Jacobo
1163 316 1370 350 Houstoune
1390 315 1585 349 subdecano
1603 316 1704 350 Glas-

250 379 372 425 „quensi
392 379 548 413 vendidit
565 391 628 426 pro
647 384 741 413 certa
759 390 889 412 summa
906 377 1052 424 pecunie
1072 376 1137 410 sibi
1163 375 1318 422 plenarie
1340 375 1516 422 persoluta
1532 394 1537 399 ·
1558 375 1705 410 Premis—

250 440 295 473 sis
320 439 477 473 omnibus
504 439 552 473 sic
574 439 673 474 factis
699 439 791 473 idem
818 437 1012 472 Macolmus
1039 437 1166 471 dictum
1194 441 1429 471 tenementum
1457 448 1532 470 cum
1560 436 1644 470 ortis
1671 442 1707 470 et

250 499 470 546 pertinentiis
496 512 535 534 ac
561 499 698 534 feodum
726 499 914 534 eorundem
943 498 1143 544 simpliciter
1170 497 1204 530 in
1236 496 1393 530 manibus
1419 496 1501 531 dicti
1529 496 1643 530 balliui
1671 496 1705 530 in

248 561 401 594 fauorem
431 560 513 594 dicti
544 560 698 606 magistri
728 560 850 596 Jacobi
878 566 912 594 et
939 571 1076 593 suorum
1108 558 1360 604 assignatorum
1392 556 1583 602 resignauit
1601 565 1608 592 l
1628 557 1708 597 Qua

249 621 485 667 resignatione
513 620 561 655 sic
578 621 668 655 facta
694 621 783 655 idem
811 620 958 655 balliuus
986 626 1110 654 statum
1129 625 1165 653 et
1183 617 1341 652 saisinam
1369 616 1597 651 hereditarios
1616 617 1707 651 feodi

251 681 373 728 prefati
392 681 583 715 tenementi
611 694 686 715 cum
706 681 790 715 ortis
817 686 853 715 et
878 679 1098 728 pertinentiis
1124 685 1163 713 ut
1189 691 1292 725 supra
1317 690 1380 724 per
1407 682 1501 711 terre
1525 684 1559 710 et
1586 676 1708 723 lapidis

251 742 470 776 traditionem
497 741 530 775 in
559 742 714 775 manibus
742 741 824 776 dicti
853 741 971 775 balliui
1001 739 1195 787 prescripto
1226 738 1392 785 magistro
1418 738 1549 774 Jacobo
1577 743 1612 771 et
1639 736 1708 770 suis

250 802 437 837 heredibus
457 809 491 836 et
510 801 692 847 assignatis
711 801 918 836 deliberauit
944 813 1007 847 pro
1030 806 1200 847 perpetuo
1216 817 1223 823 ·
1245 798 1470 833 Presentibus
1498 797 1623 832 ibidem
1643 797 1710 831 dis-

251 864 355 898 cretis
371 863 452 896 viris
467 862 613 896 dominis
634 862 784 896 Ricardo
801 862 1042 897 Otterburnne
1061 860 1220 906 Georgio
1240 859 1319 894 Rob
1334 858 1468 905 Fynlao
1488 857 1710 892 Makculloch

253 930 288 958 et
302 923 438 958 Thoma
452 923 624 969 Flemyng
642 922 857 969 presbyteris
873 928 908 957 et
926 922 1081 956 Heni-ico
1100 920 1302 966 Makandoy
1320 928 1328 956 Ι
1345 919 1428 954 alias
1445 919 1682 965 Henrysoune
1706 939 1711 943 -

256 984 321 1018 ET
349 983 458 1019 EGO
484 984 662 1020 Johannes
690 983 904 1018 Moresoune
922 983 1108 1029 presbyter
1130 980 1362 1028 Glasguensis
1381 980 1528 1015 diocesis
1555 979 1712 1026 publicus

254 1057 349 1079 sacra
368 1044 571 1079 auctoritate
592 1043 796 1091 Apostolica
815 1043 968 1078 notarius
1021 1043 1114 1084 Quia
1135 1040 1231 1089 [eta]

252 1193 324 1259 IN
352 1223 442 1258 DEI
461 1223 599 1258 nomine
621 1223 736 1257 Amen
759 1244 765 1249 ·
791 1222 857 1256 Per
877 1222 940 1256 hoc
961 1222 1133 1269 publicum
1160 1222 1426 1256 instrumentum
1445 1220 1578 1254 cunetis
1596 1226 1712 1266 pateat

254 1284 346 1331 quod
360 1297 450 1318 anno
464 1283 709 1319 incarnationis
724 1283 909 1318 Dominice
925 1283 1106 1317 millesimo
1121 1282 1400 1329 quingentesimo
1420 1281 1712 1327 vigesimooctano

257 1345 328 1392 [die
348 1357 432 1379 vero
579 1344 708 1379 mensis
856 1342 869 1389 ]
890 1352 899 1379 Ι
918 1344 956 1377 In
976 1343 1043 1377 mei
1058 1343 1181 1378 notarii
1196 1342 1324 1390 publici
1340 1348 1375 1376 et
1389 1342 1528 1376 testium
1543 1341 1713 1387 subscrip-

254 1412 365 1440 torum
391 1405 566 1452 presentia
592 1405 823 1452 personaliter
841 1404 1048 1439 constitutus
1075 1404 1245 1438 discretus
1263 1403 1316 1437 vir
1335 1402 1540 1437 Alexander
1567 1401 1713 1448 Logane

254 1466 357 1501 heres
383 1479 553 1513 apparens
580 1466 708 1500 domini
736 1466 779 1500 de
809 1466 921 1511 Rayss
938 1473 946 1501 l
964 1465 1118 1499 existens
1144 1464 1179 1498 in
1207 1470 1296 1498 statu
1316 1470 1351 1498 et
1373 1463 1497 1498 saisina
1516 1462 1615 1496 vuius
1634 1474 1713 1496 acre

255 1534 349 1562 terre
372 1527 521 1573 jacentis
547 1526 581 1560 in
611 1526 736 1573 Longa
755 1526 876 1561 Crofta
901 1526 934 1559 in
954 1525 1129 1560 territorio
1152 1524 1366 1571 Glasguensi
1393 1524 1484 1558 inter
1502 1530 1613 1557 terras
1631 1522 1713 1556 Fra-

255 1594 345 1622 trum
374 1587 634 1622 Predicatorum
661 1587 810 1622 ciuitatis
835 1586 1067 1633 Glasguensis
1094 1598 1138 1620 ex
1165 1585 1370 1620 occidentali
1398 1590 1433 1618 et
1459 1590 1569 1618 terras
1597 1583 1714 1617 Dauid

257 1648 433 1683 Menteith
452 1661 496 1683 ex
515 1648 674 1683 orientali
699 1647 855 1695 partibus
871 1656 879 1683 l
896 1643 935 1681 ac
962 1647 1064 1681 etiam
1083 1646 1238 1681 existens
1264 1645 1299 1679 in
1327 1651 1416 1680 statu
1436 1651 1471 1678 et
1489 1644 1614 1678 saisina
1632 1643 1713 1677 duo-1

257 1722 333 1743 rum
351 1721 519 1756 aggerum
545 1715 714 1743 terrarum
738 1707 928 1755 jacentium
954 1707 988 1740 in
1017 1707 1137 1741 eadem
1165 1705 1274 1740 crofta
1299 1705 1391 1739 inter
1418 1710 1528 1738 terras
1545 1703 1714 1739 Johannis

260 1770 365 1816 Gayn
394 1783 439 1804 ex
463 1769 669 1804 occidentali
695 1775 731 1803 et
757 1775 867 1803 terras
894 1767 1084 1814 capellanie
1114 1766 1230 1800 Sancti
1250 1764 1458 1800 Christofori
1484 1776 1528 1798 ex
1555 1762 1714 1797 orientali

257 1830 412 1878 partibus
438 1839 447 1866 Ι
473 1830 520 1865 Et
550 1830 677 1864 ibidem
709 1835 849 1864 ostenso
876 1827 940 1862 sibi
971 1828 1200 1861 instrumento
1228 1825 1353 1859 saisine
1383 1823 1576 1858 huiusmodi
1607 1823 1713 1869 ipsius

259 1891 455 1926 Alexandri
473 1891 537 1925 sub
556 1890 656 1937 signo
675 1896 710 1924 et
729 1888 981 1935 subscriptione
1001 1886 1149 1921 manuali
1175 1885 1330 1932 magistri
1353 1884 1522 1920 Johannis
1550 1884 1637 1918 Blak
1656 1896 1714 1917 no-

258 1952 334 1986 tarii
360 1951 489 1998 publici
506 1960 515 1988 Ι
530 1951 640 1998 primo
658 1950 826 1997 prefatam
844 1961 955 1983 acram
975 1954 1068 1981 terre
1088 1953 1123 1981 et
1141 1946 1267 1980 deinde
1291 1945 1443 1992 prefatos
1462 1945 1547 1978 duos
1565 1956 1714 1990 aggeres

258 2019 352 2047 terre
378 2012 414 2046 in
441 2012 597 2046 manibus
624 2010 765 2045 disereti
792 2009 857 2043 viri
887 2007 1035 2053 Georgii
1064 2006 1183 2041 Burell
1210 2006 1310 2040 vnius
1336 2005 1540 2039 balliuorum
1567 2004 1715 2038 ciuitatis

262 2073 494 2120 Glasguensis
513 2086 574 2119 pro
589 2078 745 2118 tempore
764 2070 797 2104 in
814 2070 966 2103 fauorem
981 2067 1189 2102 venerabilis
1203 2066 1268 2100 viri
1286 2066 1440 2113 magistri
1458 2065 1580 2101 Jacobi
1601 2065 1716 2099 Hous-

259 2140 365 2168 toune
393 2132 580 2167 subdecani
601 2130 833 2178 Glasguensis
860 2128 1061 2175 simpliciter
1083 2127 1275 2174 resignauit
1290 2135 1299 2162 Ι
1317 2126 1397 2167 Qua
1415 2126 1650 2173 resignatione
1669 2126 1717 2160 sic

258 2194 349 2229 facta
365 2194 457 2228 idem
476 2193 622 2227 balliuus
640 2192 775 2239 prefato
792 2189 958 2236 magistro
976 2188 1108 2224 Jacobo
1123 2187 1262 2234 suisque
1280 2187 1467 2221 heredibus
1483 2192 1517 2221 et
1535 2185 1718 2233 assignatis

260 2260 385 2289 statum
412 2259 448 2288 et
474 2253 634 2287 saisinam
661 2250 890 2286 hereditarios
922 2249 1054 2296 prefate
1081 2260 1160 2283 acre
1187 2254 1281 2282 terre
1309 2254 1344 2282 et
1375 2248 1520 2282 duorum
1550 2258 1717 2293 aggerum
