1922 2764
198 248 264 283 116
522 245 678 280 LIBER
705 245 952 296 ECCLESIE
981 246 1321 281 COLLEGIATE

195 344 324 379 dentali
344 350 379 378 et
396 349 507 378 terras
525 343 696 390 quondam
715 343 884 380 Johannis
904 343 1136 389 Makilmorye
1157 355 1200 377 ex
1220 342 1379 377 orientali
1398 352 1407 379 Ι
1424 349 1459 377 et
1477 349 1654 379 tenemen-

195 410 267 440 tum
289 405 434 439 Andree
456 404 594 438 Russall
609 404 703 450 jacet
721 404 812 438 inter
830 410 940 438 terras
959 403 1041 438 dicti
1063 403 1228 450 Stephani
1251 403 1414 438 Gardnar
1433 416 1478 438 ex
1497 405 1655 439 occiden-

196 465 255 499 tali
274 471 309 499 et
327 471 437 499 terras
456 463 625 500 ,Iohannis
646 463 809 498 Blakwod
825 476 870 498 ex
885 463 1044 498 orientali
1062 463 1216 510 partibus
1233 471 1242 499 l
1259 464 1346 498 Item
1362 463 1404 497 ad
1419 470 1656 500 tenementum

197 525 344 560 Dauidis
366 525 518 559 Armour
542 525 663 571 jacens
691 524 724 558 in
756 524 847 558 dicta
875 524 928 558 via
954 523 1086 558 debens
1115 523 1289 558 annuatim
1318 524 1499 558 duodecim
1530 526 1656 560 solidos

197 586 301 621 annui
320 585 476 620 redditus
496 598 540 619 ex
558 591 655 632 parte
675 584 839 619 anteriori
855 590 890 618 et
908 583 1092 630 posteriori
1112 583 1265 618 eiusdem
1286 584 1376 619 inter
1391 591 1501 619 terras
1521 585 1656 621 Thome

199 646 317 681 Leche
345 658 390 680 ex
417 646 621 680 occidentali
648 651 683 679 et
706 651 817 679 terras
839 644 987 690 Georgii
1011 644 1110 690 Gray
1129 657 1173 678 ex
1201 644 1357 679 orientali
1386 646 1540 692 partibus
1560 653 1595 681 et
1613 660 1655 681 ex

198 706 328 741 boreali
356 712 453 752 parte
481 706 571 740 dicte
601 706 655 740 vie
680 704 856 739 tendentis
884 717 903 738 a
933 704 1037 738 Porta
1057 704 1213 739 Australi
1241 705 1284 740 ad
1315 705 1587 742 PontemlItem
1615 708 1657 741 ad

199 766 369 813 quoddam
402 772 638 800 tenementum
670 771 829 812 spectans
860 765 992 800 Jacobo
1025 764 1122 799 Scott
1153 765 1284 800 debens
1315 766 1489 800 annuatim
1526 773 1657 814 septem

199 827 327 861 solidos
347 826 451 861 annui
470 826 626 860 redditus
641 826 761 872 jacens
780 825 813 858 in
838 825 971 871 prefata
989 825 1043 859 via
1062 838 1128 872 que
1147 826 1260 861 tendit
1277 839 1297 860 a
1316 826 1421 861 Porta
1440 827 1597 862 Australi
1615 828 1658 862 ad

201 887 345 922 Pontem
362 899 407 921 ex
421 887 560 921 australi
580 892 676 932 parte
696 885 884 920 eommunis
901 885 956 920 vie
975 885 1066 920 inter
1085 892 1195 920 terras
1209 886 1330 922 Jacobi
1347 887 1418 921 ΟΠ
1437 900 1479 921 ex
1500 888 1656 922 orientali

199 953 234 981 et
253 953 363 981 terras
380 947 508 982 Jonete
532 946 619 980 Reid
641 959 684 980 ex
704 946 909 980 occidentali
929 946 1084 992 partibus
1101 955 1109 982 Ι
1128 946 1213 981 Item
1234 947 1275 981 ad
1291 947 1461 994 quoddam
1480 954 1658 983 tenemen-

200 1013 271 1042 tum
293 1007 427 1054 prefate
445 1006 573 1042 Jonete
596 1006 685 1040 Reid
710 1007 829 1053 jacens
856 1006 889 1040 in
917 1006 1051 1053 prefata
1069 1006 1124 1041 via
1142 1020 1208 1053 que
1228 1007 1323 1041 ducit
1341 1020 1359 1041 a
1379 1007 1483 1042 Porta
1502 1007 1658 1043 Australi

199 1067 241 1102 ad
262 1067 406 1102 Pontem
426 1073 523 1101 etex
545 1067 685 1101 australi
714 1072 811 1113 parte
841 1067 1030 1101 eommunis
1056 1067 1112 1101 vie
1140 1067 1293 1102 eiusdem
1323 1068 1454 1103 debens
1483 1070 1657 1104 annuatim

199 1134 331 1174 septem
352 1127 479 1162 solidos
497 1127 601 1161 annui
620 1127 777 1161 redditus
797 1127 887 1161 inter
906 1133 1015 1162 terras
1038 1128 1162 1174 prefati
1179 1128 1301 1164 Jacobi
1323 1130 1419 1163 Soott
1437 1141 1482 1163 ex
1500 1130 1657 1165 occiden-

199 1188 258 1223 tali
279 1194 314 1222 et
332 1195 442 1222 terras
461 1187 630 1234 quondam
658 1188 827 1223 Johannis
858 1188 990 1234 Hegait
1010 1201 1055 1223 ex
1074 1188 1278 1224 occidentali
1305 1190 1458 1236 partibus
1475 1199 1484 1226 Ι
1502 1190 1588 1225 Item
1616 1191 1657 1225 ad

200 1248 369 1295 quoddam
402 1254 639 1282 tenementum
668 1248 791 1284 Jacobi
820 1248 872 1283 Or
903 1248 1035 1283 debens
1067 1249 1240 1284 annuatim
1273 1262 1335 1284 sex
1364 1250 1523 1285 denarios
1554 1251 1657 1285 annui

199 1309 356 1343 redditus
379 1309 499 1355 jacens
527 1321 572 1343 ex
600 1314 697 1355 parte
716 1309 855 1343 australi
884 1310 1016 1356 prefato
1037 1310 1225 1344 eommunis
1245 1310 1299 1344 vie
1319 1323 1385 1357 que
1404 1311 1498 1345 ducit
1516 1324 1535 1345 a
1555 1311 1658 1346 Porta

203 1369 358 1404 Australi
377 1369 419 1404 ad
440 1369 585 1404 Pontem
604 1369 695 1404 inter
714 1375 824 1404 terras
852 1370 976 1416 prefati
995 1370 1116 1405 Jaeobi
1138 1370 1189 1405 Or
1208 1382 1253 1404 ex
1272 1370 1476 1405 occidentali
1495 1377 1530 1405 et
1548 1378 1658 1406 terras

199 1429 368 1465 Johannis
390 1429 590 1476 Wodderop
610 1442 655 1464 ex
673 1429 832 1464 orientali
859 1431 1013 1476 partibus
1031 1439 1039 1467 l
1057 1431 1143 1465 Item
1164 1431 1206 1465 ad
1225 1431 1394 1477 quoddam
1422 1438 1657 1466 tenementum

200 1490 282 1524 dieti
301 1489 471 1526 ,Johannis
492 1490 694 1536 Wodderop
717 1490 837 1536 jacens
861 1503 905 1524 ex
933 1497 1031 1536 parte
1050 1491 1189 1525 australi
1216 1491 1349 1537 prefate
1369 1491 1423 1526 vie
1443 1504 1508 1538 que
1528 1492 1622 1526 ducit
1640 1505 1659 1526 a

202 1550 308 1597 Porta
328 1550 482 1584 Australi
502 1550 543 1584 ad
565 1550 709 1584 Pontem
737 1551 827 1585 inter
846 1558 956 1585 terras
974 1551 1096 1586 Jacobi
1117 1552 1168 1586 Or
1187 1564 1231 1585 ex
1256 1551 1460 1586 occidentali
1487 1558 1522 1586 et
1549 1559 1658 1587 terras

200 1610 372 1647 Johannis
391 1610 509 1645 Dikke
530 1623 575 1644 ex
593 1610 752 1645 orientali
778 1611 933 1657 partibus
952 1611 1084 1645 debens
1103 1611 1277 1646 annuatim
1296 1624 1359 1646 sex
1377 1612 1536 1646 denarios
1554 1612 1658 1646 annui

203 1672 358 1706 redditus
375 1679 383 1707 l
400 1671 490 1705 Item
509 1671 552 1705 ad
571 1683 674 1705 vnum
694 1684 858 1718 aggerem
873 1677 966 1706 terre
982 1671 1154 1718 jacentem
1171 1671 1204 1705 in
1224 1671 1269 1706 lie
1289 1671 1451 1706 Mutland
1468 1671 1567 1707 Croft
1582 1685 1657 1706 cum

202 1732 335 1766 vstrino
362 1738 399 1766 et
424 1731 550 1766 horreo
577 1731 689 1766 eidem
717 1731 953 1766 adiacentibus
980 1731 1071 1766 inter
1100 1737 1209 1766 terras
1231 1731 1395 1766 Willelmi
1417 1732 1591 1766 Grahame
1615 1745 1659 1766 ex

204 1791 408 1826 occidentali
427 1797 463 1826 et
480 1797 590 1826 terras
609 1791 768 1826 Fratrum
789 1792 1046 1826 Predicatorum
1067 1792 1215 1826 ciuitatis
1236 1792 1466 1839 Glasguensis
1485 1805 1530 1827 ex
1548 1793 1659 1827 orien-

202 1853 262 1887 tali
293 1852 448 1899 partibus
474 1860 483 1888 Ι
510 1852 598 1886 Item
629 1852 672 1886 ad
703 1865 806 1886 vnum
836 1853 998 1887 horreum
1034 1865 1125 1886 nune
1156 1859 1357 1899 occupatum
1393 1866 1455 1899 per
1487 1853 1659 1887 Dauidem

205 1913 370 1947 Lindesai
397 1913 517 1959 jacens
549 1918 649 1947 extra
677 1912 814 1947 Portam
844 1913 1107 1948 Occidentalem
1136 1913 1227 1948 dicte
1254 1913 1403 1948 ciuitatis
1432 1913 1523 1948 inter
1550 1920 1660 1948 terras

205 1973 375 2019 quondam
401 1973 570 2009 Johannis
593 1973 725 2020 Hegait
751 1986 796 2008 ex
823 1974 1027 2008 occidentali
1047 1980 1082 2008 et
1099 1980 1210 2009 terras
1229 1974 1399 2020 quondam
1427 1974 1660 2009 Bartholomei

206 2034 329 2079 Somyr
362 2046 405 2067 ex
438 2033 596 2068 orientali
627 2034 782 2080 partibus
804 2043 812 2070 l
834 2034 922 2069 Item
953 2034 996 2068 ad
1027 2034 1196 2081 quoddam
1228 2040 1464 2068 tenementum
1493 2034 1661 2070 Johannis

206 2093 416 2127 Robesoune
441 2094 560 2140 jacens
587 2107 695 2141 prope
721 2094 845 2129 dictam
873 2095 1135 2129 Occidentalem
1165 2095 1302 2129 Portam
1327 2095 1459 2129 debens
1486 2095 1660 2129 annuatim

205 2153 407 2199 vigintioeto
427 2154 554 2188 solidos
581 2155 685 2189 annui
712 2155 868 2190 redditus
895 2156 986 2190 inter
1013 2162 1123 2190 terras
1143 2156 1270 2189 domini
1288 2155 1457 2191 ,Iohannis
1478 2155 1662 2191 Caulduoll

204 2225 250 2248 ex
268 2212 474 2248 occidentali
493 2220 528 2248 et
546 2220 657 2249 terras
675 2216 845 2261 quondam
874 2215 1005 2250 Leonis
1033 2215 1211 2262 Lindesay
1231 2228 1276 2250 ex
1298 2215 1456 2250 orientali
1482 2215 1636 2262 partibus
1652 2224 1661 2251 1

206 2273 294 2308 Item
322 2273 364 2307 ad
391 2273 562 2320 quoddam
594 2280 830 2310 tenementum
859 2275 941 2310 dicti
968 2276 1141 2322 quondam
1174 2275 1304 2310 Leonis
1332 2274 1521 2322 Lyndesay
1542 2275 1661 2321 jacens
