1922 2764
288 267 333 302 64

616 267 772 302 LIBER
798 266 1046 303 ECCLESIE
1076 265 1415 302 COLLEGIATE

391 363 622 411 Glasguensis
659 364 752 406 Quia
769 364 945 412 premissis
963 363 1120 399 omnibus
1139 369 1174 398 et
1193 363 1337 409 singulis
1356 363 1436 396 dum
1455 362 1503 396 sic
1521 368 1559 397 ut
1576 363 1743 409 premitti-

385 431 440 458 tur
473 437 537 471 per
570 425 805 460 venerabilem
840 425 949 459 virum
989 424 1189 471 magistrum
1224 423 1435 458 VVillelmum
1471 423 1742 470 Hammyltoune

385 484 517 531 capelle
538 485 651 532 Regie
681 485 957 531 Striuilingensis
984 484 1260 519 archidiaconum
1284 496 1323 518 ac
1347 483 1524 518 officialem
1546 483 1742 531 Glasguen-

385 557 456 580 seu]
483 545 683 592 generalem
707 552 895 592 agerentur
913 545 1112 579 dicerentur
1131 550 1167 579 et
1184 544 1310 579 fierent
1327 556 1471 579 vnacum
1495 544 1743 591 prenominatis

385 605 532 640 testibus
559 611 594 641 et
620 605 829 641 connotariis
856 605 1056 651 subscriptis
1083 617 1227 651 presens
1254 604 1394 639 interfui
1422 604 1542 651 anue
1569 605 1682 639 omnia
1709 612 1744 639 et

385 665 522 712 singula
539 666 587 700 sic
605 666 680 701 fieri
699 666 783 700 sciui
802 665 872 699 vidi
891 671 926 700 et
944 665 1058 700 audiui
1085 677 1125 699 ac
1151 664 1185 698 in
1213 671 1328 699 notam
1354 665 1481 711 sumpsi
1506 665 1660 712 Ideoque
1679 666 1743 700 hoc

384 738 528 772 presens
558 726 732 773 publicum
763 725 987 772 transsumpti
1018 737 1079 759 seu
1112 725 1311 771 transcripti
1342 725 1608 760 instrumentum
1642 737 1743 760 manu

383 785 524 820 alterius
543 786 691 820 fideliter
710 786 873 832 scriptum
892 791 927 820 et
944 785 979 819 in
997 785 1152 831 presenti
1170 786 1320 832 registro
1337 785 1485 832 positum
1505 786 1637 821 confeci
1656 792 1691 821 et
1708 786 1743 820 in

384 845 471 880 hanc
498 846 666 892 publicam
685 846 827 880 formam
854 845 995 891 registri
1021 851 1057 880 et
1083 845 1335 880 euidentiarum
1355 846 1566 880 fundationis
1585 846 1743 881 Ecclesie

385 906 580 953 Collegiate
608 906 716 941 Beate
744 906 858 940 Marie
878 905 1037 952 Virginis
1057 911 1092 940 et
1109 906 1227 940 matris
1246 906 1319 940 eius
1338 911 1376 940 ut
1401 906 1435 940 in
1463 907 1638 953 premissis
1665 919 1744 941 con-

385 967 515 1001 tinetur
541 967 584 1001 de
611 967 770 1001 mandato
789 966 872 1001 dicti
899 966 1027 1000 domini
1047 966 1198 1001 officialis
1221 966 1452 1013 Glasguensis
1479 967 1601 1014 redegi
1630 968 1743 1014 signo-

383 1040 450 1073 que
469 1033 504 1062 et
521 1027 659 1062 nomine
684 1026 769 1061 meis
796 1026 905 1061 solitis
925 1032 960 1061 et
978 1027 1152 1061 consuetis
1178 1026 1234 1061 hic
1260 1039 1314 1061 me
1341 1027 1590 1062 subscribendo
1609 1028 1743 1074 signaui

385 1100 529 1121 vnacum
557 1087 660 1133 sigilli
688 1086 789 1122 officii
815 1087 1015 1122 officialatus
1037 1087 1268 1134 Glasguensis
1294 1087 1506 1134 appensione
1533 1088 1568 1122 in
1586 1088 1688 1123 fidem
1708 1096 1743 1123 et

384 1147 616 1182 testimonium
636 1147 792 1182 veritatis
810 1147 960 1182 omnium
979 1154 1014 1183 et
1037 1148 1251 1195 singulorum
1277 1148 1522 1195 premissorum
1548 1155 1689 1195 rogatus
1708 1157 1742 1184 et

384 1207 570 1254 requisitus

629 1292 782 1327 Thomas
802 1292 1074 1339 Hammyltoune
1094 1293 1295 1339 subscripsit

386 1485 434 1520 Et
455 1498 521 1532 ego
546 1485 725 1521 ,Iohannes
753 1485 932 1532 Bridynne
959 1487 1143 1533 presbyter
1166 1487 1396 1534 Glasguensis
1415 1489 1561 1524 diocesis
1588 1489 1744 1536 publicus

385 1559 481 1581 sacra
502 1547 706 1581 auctoritate
728 1547 932 1593 Apostolica
958 1548 1113 1582 notarius
1131 1561 1170 1582 ac
1188 1549 1312 1595 prefati
1332 1549 1459 1583 domini
1480 1549 1630 1584 officialis
1649 1550 1742 1584 curie

386 1607 497 1641 scriba
546 1606 639 1647 Quia
659 1606 740 1653 [etc.
758 1607 930 1652 informa
950 1607 1158 1653 communi]

625 1690 647 1726 J
650 1690 803 1725 ohannes
822 1691 1014 1738 Brydynne
1034 1693 1235 1740 subscripsit

385 1884 432 1919 Et
454 1897 520 1931 ego
548 1884 725 1920 Robertus
757 1885 1023 1921 Herbertsouue
1050 1887 1173 1921 artium
1200 1888 1365 1934 magister
1391 1889 1576 1935 presbyter
1595 1889 1743 1923 ciuitatis

389 1945 619 1992 Glasguensis
637 1946 796 1993 publicus
815 1959 911 1981 sacra
931 1946 1135 1994 Apostolica
1153 1953 1187 1982 et
1206 1948 1382 1995 Imperiali
1400 1949 1663 1983 authoritatibus
1685 1962 1743 1983 no-

386 2006 492 2040 tarius
511 2019 549 2040 ac
567 2006 692 2053 prefati
710 2007 839 2042 domini
859 2008 1011 2042 officialis
1031 2008 1124 2042 curie
1145 2008 1256 2043 scriba
1309 2008 1401 2050 Quia
1422 2007 1516 2055 [eta]

630 2091 805 2127 Robertus
825 2092 1092 2127 Herbertsouue
1112 2094 1264 2128 notarius
1283 2094 1439 2140 publicus
1459 2094 1659 2141 subscripsit
