1922 2764
185 262 230 298 70
517 254 673 291 LIBER
700 255 949 292 ECCLESIE
978 253 1147 290 COLLE
1155 252 1318 289 GIATE

180 357 353 403 jacentem
385 355 418 389 in
452 354 639 401 Kynclaith
669 359 900 401 nuncupatam
926 362 934 389 Ι
961 353 1039 387 The
1074 351 1233 386 Halklaw
1258 359 1267 386 Ι
1293 350 1341 384 Et
1371 349 1497 384 ibidem
1529 349 1640 384 dictus

186 415 338 450 Thomas
356 415 390 449 in
409 415 564 450 manibus
581 414 792 449 honorabilis
810 414 875 449 viri
894 413 1028 447 Thome
1049 412 1130 446 Law
1150 411 1250 446 vnius
1267 410 1472 445 balliuorum
1491 409 1639 444 ciuitatis

188 475 419 522 Glasguensis
445 488 508 522 pro
532 481 687 522 tempore
714 487 777 522 per
803 481 895 509 terre
915 479 950 508 et
967 472 1090 520 lapidis
1111 484 1151 506 ac
1178 471 1221 506 lie
1247 471 1334 517 hesp
1353 476 1388 505 et
1406 470 1520 518 stapill
1538 470 1640 505 tradi-

184 536 313 570 tionem
342 535 535 570 huiusmodi
562 541 672 570 terras
702 541 902 570 tenementa
933 540 968 568 et
994 545 1126 568 annuos
1156 531 1312 566 redditus
1343 531 1378 565 in
1403 531 1557 566 fauorem
1588 531 1640 565 sui

184 596 302 631 dilecti
320 596 380 630 filii
398 596 552 643 magistri
572 595 755 630 Michaelis
775 594 939 640 Hugonis
958 592 1158 640 simpliciter
1179 591 1371 638 resignauit
1400 611 1406 617 ·
1435 591 1515 632 Qua
1532 591 1640 638 resig-

184 657 323 692 natione
343 657 391 692 sic
408 657 498 692 facta
515 657 605 692 idem
623 656 770 691 balliuus
797 661 921 690 statum
941 660 976 689 et
995 654 1154 688 saisinam
1180 652 1407 687 hereditarios
1434 652 1639 699 prescripta-

183 730 259 751 rum
273 723 443 752 terrarum
458 723 735 752 tenementorum
750 722 785 750 et
799 727 989 750 annuorum
1006 713 1201 748 reddituum
1217 712 1280 747 sibi
1294 712 1459 759 magistro
1476 712 1639 748 Michaeli

184 778 322 824 suisque
341 778 527 812 heredibus
542 776 748 812 deliberauit
764 785 772 812 l
790 775 1018 810 Reseruando
1033 780 1146 809 tamen
1164 773 1228 808 sibi
1243 773 1377 808 Thome
1396 773 1639 808 liberumtene-

183 844 335 872 mentum
362 837 555 872 huiusmodi
582 842 749 871 terrarum
777 841 1055 870 tenementorum
1078 840 1113 869 et
1137 846 1327 868 annuorum
1354 833 1550 868 reddituum
1577 847 1639 880 pro

183 904 256 932 toto
274 903 429 944 tempore
448 898 518 932 vite
538 910 620 931 sue
641 896 866 931 Presentibus
893 896 1018 930 ibidem
1038 895 1198 931 Johanne
1219 894 1354 940 Aitkyn
1377 893 1535 940 Georgio
1555 894 1638 928 Car-

182 957 232 991 lill
252 957 368 992 Dauid
388 957 564 1004 Lyndesai
585 957 760 991 willelmo
781 957 927 991 Stewart
944 956 1076 992 Jacobo
1097 955 1225 1000 Young
1241 954 1402 990 Johanne
1420 954 1638 990 Johnstoune

183 1018 286 1052 Andr
290 1030 330 1052 ea
348 1018 520 1064 Flemyng
538 1017 675 1051 domino
693 1017 824 1052 ,Jacobo
844 1016 970 1062 Heniy
990 1023 1025 1050 et
1045 1015 1200 1049 Roberto
1222 1014 1412 1049 Arbukill-
1436 1013 1504 1048 ET
1529 1013 1638 1049 EGO

182 1077 356 1112 Martinus
378 1078 468 1112 Reid
494 1077 678 1124 presbyter
700 1076 931 1123 Glasguensis
955 1075 1103 1111 diocesis
1129 1075 1287 1122 publicus
1314 1087 1410 1109 sacra
1435 1074 1638 1109 auctoritate

184 1137 388 1184 Apostolica
406 1138 559 1172 notarius
579 1137 672 1178 Quia
693 1135 788 1183 [eta]

182 1285 253 1350 IN
281 1316 371 1350 DEI
389 1316 527 1350 nomine
548 1316 663 1350 Amen
685 1336 691 1342 ·
716 1315 784 1350 Per
802 1315 866 1350 hoc
885 1315 1057 1362 publicum
1084 1315 1350 1349 instrumentum
1369 1313 1501 1349 cunctis
1523 1319 1639 1360 pateat

182 1377 273 1422 quod
300 1389 389 1411 anno
420 1377 665 1411 incarnationis
700 1376 885 1410 Dominice
915 1375 1097 1410 millesimo
1123 1375 1401 1421 quingentesimo
1427 1375 1638 1421 decimosep-

182 1437 263 1470 timo
283 1437 338 1471 die
357 1449 440 1470 vero
459 1436 604 1483 septimo
619 1436 746 1471 mensis
763 1436 976 1482 Septembris
993 1445 1001 1471 l
1018 1436 1059 1470 In
1074 1436 1141 1470 mei
1157 1435 1280 1470 notarii
1298 1435 1426 1482 publici
1445 1441 1480 1470 et
1498 1435 1637 1470 testium

184 1497 453 1543 subscriptorum
488 1497 665 1543 presentia
698 1497 929 1544 personaliter
960 1496 1167 1531 constitutus
1198 1496 1368 1530 discretus
1398 1495 1450 1530 vir
1481 1495 1638 1530 dominus

184 1557 301 1591 Dauid
322 1557 513 1603 Akynheid
531 1557 753 1604 capellanus!
770 1557 923 1591 existens
948 1556 983 1590 in
1010 1562 1100 1591 statu
1125 1563 1160 1590 et
1181 1556 1306 1590 saisina
1332 1555 1507 1590 cuiusdam
1534 1557 1637 1590 annui

183 1617 339 1652 redditus
370 1617 550 1652 duodecim
583 1617 768 1651 solidorum
799 1616 973 1651 annuatim
1000 1616 1139 1651 leuandi
1170 1616 1212 1651 de
1239 1622 1440 1651 tenemento
1467 1617 1638 1662 quondam

183 1677 337 1722 magistri
369 1677 514 1712 Andree
548 1677 694 1712 Stewart
725 1683 903 1724 spectante
934 1689 1026 1712 nunc
1057 1676 1246 1724 capellanie
1280 1676 1396 1712 Sancti
1429 1677 1638 1723 Kentigerni

183 1738 216 1771 in
246 1737 325 1771 naui
357 1737 503 1772 ecclesie
534 1737 765 1784 Glasguensis
792 1738 931 1783 jacente
963 1737 996 1771 in
1027 1737 1082 1771 via
1112 1750 1178 1783 que
1205 1736 1299 1771 ducit
1325 1749 1345 1771 a
1373 1737 1565 1777 Quadriuio
1595 1737 1638 1771 ad

185 1798 332 1833 Crucem
353 1798 511 1832 For-alem
529 1798 620 1832 dicte
640 1798 788 1832 ciuitatis
807 1810 851 1832 ex
870 1804 967 1845 parte
982 1797 1188 1832 occidentali
1203 1797 1391 1831 communis
1409 1796 1464 1831 vie
1484 1796 1637 1832 eiusdem

182 1859 273 1894 inter
291 1867 401 1893 terras
422 1859 616 1893 Alexandri
636 1858 836 1893 Thomsone
864 1871 907 1893 ex
934 1864 1031 1905 parte
1059 1857 1198 1892 australi
1218 1865 1253 1892 et
1269 1857 1438 1893 Johannis
1459 1857 1574 1903 Curry
1594 1870 1637 1892 ex

181 1925 278 1966 parte
297 1919 427 1954 boreali
444 1928 452 1955 Ι
470 1919 517 1954 Et
543 1919 669 1954 ibidem
697 1920 808 1954 dictus
828 1920 985 1954 dominus
1005 1919 1121 1954 Dauid
1143 1918 1338 1953 huiusmodi
1357 1931 1507 1953 annuum
1524 1919 1638 1953 reddi-

183 1985 254 2013 tum
281 1980 313 2013 in
342 1980 497 2014 manibus
525 1979 659 2014 Thome
689 1980 852 2027 Hugonis
879 1980 978 2014 vuius
1004 1979 1208 2014 balliuorum
1236 1979 1384 2014 ciuitatis
1406 1978 1636 2025 Glasguensis

183 2039 383 2086 simpliciter
397 2040 432 2074 in
446 2040 599 2075 fauorem
615 2041 823 2075 venerabilis
837 2040 903 2074 viri
917 2039 1071 2087 magistri
1082 2039 1204 2075 Jacobi
1221 2039 1407 2073 Houstoun
1421 2038 1613 2084 resignauit
1629 2048 1637 2074 Ι

186 2098 265 2139 Qua
291 2099 525 2145 resignatione
545 2100 592 2134 sic
609 2100 699 2135 facta
722 2100 813 2135 idem
840 2100 986 2135 balliuus
1014 2105 1138 2134 statum
1165 2106 1200 2134 et
1227 2099 1385 2134 saisinam
1411 2099 1639 2134 hereditarios

184 2158 266 2193 dicti
284 2159 387 2192 annui
414 2160 569 2194 redditus
588 2161 681 2195 dicto
707 2161 872 2207 magistro
897 2160 1029 2196 Jacobo
1058 2160 1267 2194 Houstoune
1295 2159 1365 2193 suis
1390 2159 1577 2194 heredibus
1604 2166 1640 2194 et

184 2218 366 2265 assignatis
383 2232 445 2265 per
460 2220 504 2254 lie
522 2220 608 2267 hesp
623 2228 658 2256 et
673 2221 773 2268 stapil
787 2221 1007 2256 traditionem
1023 2220 1229 2255 deliberauit
1244 2241 1250 2246 ·
1271 2219 1496 2254 Presentibus
1512 2219 1637 2254 ibidem

184 2278 342 2314 discretis
361 2279 442 2313 viris
462 2280 624 2326 magistro
650 2281 785 2316 Thoma
809 2281 923 2327 Leyss
942 2281 1087 2315 dominis
1105 2281 1265 2316 Johanne
1286 2280 1390 2314 Knox
1408 2286 1444 2315 et
1463 2280 1637 2315 W'illelmo
