1922 2764
259 295 304 326 28
587 289 741 324 LIBER
768 287 1015 323 ECCLESIE
1044 287 1383 322 COLLEGIATE

258 388 333 422 dam
352 387 521 423 ,Iohannis
540 386 732 421 Allasoune
760 398 804 420 ex
828 384 987 419 orientali
1006 390 1041 419 et
1061 390 1172 418 terras
1199 383 1327 417 domini
1347 382 1492 417 Andree
1513 382 1641 417 Heriot
1667 396 1711 418 ex

259 447 463 483 occidentali
479 457 487 483 Ι
504 459 566 482 sex
593 446 753 481 denarios
769 454 778 482 Ι
795 445 883 480 Item
910 445 953 479 de
980 444 1136 491 predicto
1162 449 1363 478 tenemento
1383 442 1518 477 Thome
1539 443 1711 489 Wynyets

256 508 394 555 jacente
422 508 455 542 in
484 507 604 542 eadem
627 507 682 541 via
703 519 748 540 ex
765 511 863 552 parte
889 504 1018 539 boreali
1039 504 1129 538 inter
1148 509 1348 538 tenementa
1364 503 1533 539 ,Iohannis
1554 504 1651 538 Scott
1668 505 1711 539 de

259 567 497 602 Bradisholme
517 580 561 602 ex
580 566 739 601 orientali
760 572 796 600 et
813 572 923 599 terras
941 564 963 600 J
967 564 1109 598 ohannis
1130 563 1332 610 Wodderop
1351 576 1396 597 ex
1414 564 1618 598 occidentali
1636 577 1712 611 par-

257 628 347 662 tibus
364 637 372 664 Ι
389 628 474 662 duos
503 627 630 661 solidos
647 635 654 662 Ι
672 627 760 660 Item
778 626 821 660 de
840 630 1040 659 tenemento
1057 624 1226 659 Johannis
1249 624 1353 670 Gayn
1376 624 1514 670 jacente
1542 637 1587 659 ex
1613 632 1711 672 parte

257 688 387 724 boreali
406 688 560 723 eiusdem
579 687 645 721 vici
671 687 762 721 inter
784 690 983 720 tenementa
1001 691 1036 719 et
1053 691 1164 718 terras
1191 684 1362 730 quondam
1383 685 1527 719 Andree
1548 685 1647 732 Boyd
1667 698 1712 720 ex

258 749 416 784 orientali
448 755 482 783 et
512 754 622 782 terras
654 747 720 781 mei
746 746 937 780 fundatoris
964 757 1009 779 ex
1036 744 1241 779 occidentali
1271 744 1426 791 partibus
1451 753 1460 781 Ι
1486 746 1712 792 quadraginta

258 809 417 844 denarios
434 818 442 845 l
459 809 547 843 Item
567 808 609 842 de
628 812 828 842 tenemento
845 806 1015 842 ,Iohannis
1035 805 1187 840 Terbart
1205 811 1240 839 et
1258 805 1391 839 duobus
1413 806 1600 852 aggeribus
1618 812 1711 841 terre

254 869 448 916 jacentibus
466 869 501 902 in
521 868 645 914 Longa
661 867 781 902 Crofta
795 879 839 901 ex
857 872 954 912 parte
974 865 1156 912 posteriori
1171 865 1325 900 eiusdem
1340 865 1478 912 jacente
1492 866 1584 900 inter
1602 872 1712 900 terras

257 930 427 966 Johannis
449 929 553 975 Gayn
581 941 625 963 ex
649 927 854 962 occidentali
880 933 916 961 et
941 932 1051 960 terras
1078 925 1268 973 capellanie
1298 926 1413 960 Sancti
1434 926 1641 960 Christofori
1668 939 1712 961 ex

258 990 416 1024 orientali
434 999 441 1025 Ι
458 996 529 1024 tres
556 989 683 1023 solidos
702 994 738 1022 et
755 993 900 1034 quatuor
927 986 1087 1021 denarios
1104 995 1112 1021 Ι
1130 986 1218 1020 Item
1244 986 1288 1020 de
1314 992 1514 1021 tenemento
1542 993 1577 1021 et
1602 987 1712 1021 tribus

258 1051 444 1097 aggeribus
462 1056 556 1084 terre
578 1048 743 1083 Willelmi
763 1047 957 1082 Brovnside
981 1046 1176 1093 jacentibus
1195 1046 1229 1079 in
1249 1045 1358 1080 crofta
1378 1046 1502 1081 Sancte
1522 1046 1648 1081 Teneu
1667 1060 1711 1081 ex

257 1118 355 1158 parte
370 1110 508 1146 australi
524 1110 678 1145 eiusdem
694 1118 702 1145 l
718 1115 863 1156 quatuor
883 1108 1010 1143 solidos
1027 1117 1035 1144 l
1052 1119 1195 1154 quorum
1209 1107 1312 1141 trium
1330 1119 1496 1153 aggerum
1511 1107 1579 1141 duo
1594 1108 1711 1154 jacent

257 1172 348 1206 inter
366 1178 476 1206 terras
495 1171 667 1217 quondam
685 1169 813 1204 domiui
833 1168 980 1203 Roberti
1001 1167 1114 1202 Wann
1134 1180 1178 1202 ex
1196 1167 1400 1202 occidentali
1425 1173 1460 1202 et
1479 1167 1613 1202 Thome
1635 1167 1710 1202 Gil-

258 1244 353 1266 more
372 1244 415 1266 ex
435 1231 593 1265 orientali
610 1240 618 1266 Ι
635 1237 671 1265 et
688 1230 811 1264 tertius
829 1241 913 1276 ager
936 1229 1030 1275 jacet
1048 1228 1083 1262 in
1102 1227 1222 1262 eadem
1241 1227 1350 1262 crofta
1367 1228 1458 1262 inter
1476 1234 1586 1262 terras
1605 1240 1710 1274 quon-

258 1292 334 1326 dam
355 1291 490 1326 Valteri
517 1291 665 1337 Rankyn
695 1303 739 1325 ex
757 1289 960 1324 occidentali
980 1295 1015 1323 et
1034 1288 1181 1322 Roberti
1210 1288 1374 1322 Kirkwod
1392 1300 1436 1322 ex
1455 1288 1612 1323 orientali
1629 1298 1638 1324 Ι
1654 1289 1711 1335 qui

258 1352 385 1387 tercius
412 1364 495 1398 ager
522 1357 575 1386 est
603 1363 695 1385 nunc
722 1351 757 1384 in
788 1350 944 1384 manibus
973 1349 1144 1395 quondam
1174 1348 1337 1382 Willelmi
1370 1348 1509 1383 Brovne
1527 1358 1536 1384 l
1553 1349 1640 1384 Item
1667 1350 1710 1383 de

258 1412 361 1447 terris
390 1412 558 1448 Johannis
588 1411 700 1445 Wann
733 1422 777 1445 ex
804 1410 925 1445 eadem
950 1415 1048 1456 parte
1075 1409 1130 1443 vie
1157 1408 1351 1455 jacentibus
1378 1408 1469 1443 inter
1496 1421 1709 1444 communem

258 1472 429 1507 venellam
456 1484 500 1506 ex
522 1471 681 1506 orientali
699 1477 734 1505 et
754 1470 970 1505 Cimiterium
997 1469 1123 1504 Sancte
1143 1469 1275 1503 Tenew
1294 1481 1338 1503 ex
1357 1469 1561 1504 occidentali
1587 1477 1684 1516 parte
1701 1479 1710 1506 l

260 1532 454 1579 quindecim
485 1531 644 1566 denarios
669 1537 678 1565 Ι
701 1531 789 1566 Item
821 1531 864 1565 de
897 1543 964 1564 vna
993 1542 1071 1564 acra
1100 1536 1193 1564 terre
1224 1542 1300 1563 cum
1330 1529 1479 1564 dimedia
1505 1531 1643 1576 jacente
1674 1531 1708 1564 in

261 1593 454 1627 Brvmelaw
471 1593 562 1627 inter
589 1599 698 1626 terras
716 1591 921 1626 vicariorum
939 1590 1033 1624 chori
1056 1589 1286 1635 Glasguensis
1308 1602 1353 1624 ex
1371 1590 1527 1624 orientali
1547 1597 1582 1625 et
1601 1598 1710 1625 terras

259 1653 430 1700 quondam
456 1652 575 1687 Dauid
605 1651 781 1686 Menteith
808 1664 852 1686 ex
879 1650 1083 1685 occidentali
1106 1659 1115 1685 Ι
1140 1650 1313 1684 sexdecim
1341 1650 1501 1684 denarios
1522 1659 1530 1686 l
1553 1651 1640 1685 Item
1667 1652 1710 1685 de

260 1719 461 1747 tenemento
490 1712 660 1759 quondam
693 1711 862 1747 Johannis
895 1710 1123 1745 Auchinroiss
1157 1722 1248 1744 nunc
1283 1710 1318 1744 in
1355 1710 1508 1745 manibus
1542 1711 1711 1747 Johannis

264 1772 435 1818 Rankyne
454 1779 490 1807 et
508 1771 673 1806 Willelmi
695 1771 796 1806 Stark
818 1762 956 1817 jacente
975 1771 1008 1804 in
1028 1771 1064 1817 ly
1085 1770 1248 1805 Stokwoll
1267 1783 1311 1805 ex
1329 1777 1426 1817 parte
1446 1771 1604 1806 orientali
1623 1773 1710 1807 eius-

260 1833 338 1867 dem
357 1833 411 1867 vie
430 1833 521 1867 inter
538 1839 647 1867 terras
666 1832 836 1878 quondam
863 1831 1016 1878 magistri
1041 1831 1175 1865 Thome
1196 1830 1309 1877 Leyss
1327 1844 1372 1865 ex
1390 1832 1529 1866 australi
1549 1839 1584 1866 et
1601 1839 1712 1868 terras

263 1893 342 1927 olim
356 1893 558 1940 Margarete
574 1893 781 1927 Haustoune
795 1904 887 1927 nunc
902 1892 1053 1926 Gilberti
1071 1891 1273 1926 Auldcorne
1289 1897 1324 1926 et
1334 1891 1355 1927 J
1360 1892 1503 1926 ohannis
1521 1892 1711 1928 Watsoune

263 1967 306 1988 ex
324 1953 454 1988 boreali
481 1953 634 2000 partibus
650 1962 659 1989 l
675 1953 795 1987 decem
822 1952 949 1987 solidos
966 1960 974 1987 Ι
992 1952 1079 1986 Item
1103 1951 1146 1986 de
1173 1957 1373 1986 tenemento
1394 1952 1558 1986 Willelmi
1587 1952 1713 2000 Layng

262 2014 398 2059 jacente
426 2026 470 2047 ex
495 2019 592 2060 parte
611 2013 815 2048 occidentali
842 2013 995 2047 eiusdem
1022 2012 1077 2046 vie
1104 2012 1195 2047 inter
1221 2018 1331 2046 terras
1358 2012 1527 2058 quondam
1548 2013 1713 2048 Willelmi

266 2073 490 2107 Robertoune
522 2086 566 2107 ex
594 2073 722 2107 boreali
749 2080 784 2107 et
811 2085 989 2107 commune
1015 2072 1226 2107 Viridarium
1257 2072 1477 2119 Glasguense
1505 2086 1547 2108 ex
1575 2076 1714 2110 australi

264 2133 416 2180 partibus
443 2141 451 2168 1
476 2133 655 2167 duodecim
687 2133 846 2168 denarios
872 2143 881 2170 Ι
908 2133 994 2168 Item
1026 2133 1069 2168 de
1100 2139 1300 2168 tenemento
1331 2134 1501 2180 quondam
1530 2134 1713 2170 Cuthberti

266 2192 469 2226 Alexander
495 2193 574 2226 olim
599 2193 768 2229 ,Iohannis
799 2194 982 2228 Diksoune
1010 2194 1148 2240 jacente
1175 2193 1209 2227 in
1240 2193 1308 2227 Via
1335 2194 1518 2228 Fullonum
1546 2208 1589 2229 ex
1615 2203 1712 2242 parte

265 2252 423 2287 orientali
449 2252 539 2287 inter
565 2259 675 2287 terras
699 2254 869 2289 Johannis
889 2253 1035 2300 Clemey
1062 2266 1106 2288 ex
1132 2253 1263 2288 boreali
1290 2260 1325 2289 et
1351 2254 1521 2300 quondam
1553 2255 1714 2289 Willelmi

268 2313 454 2347 Armorare
473 2325 518 2347 ex
536 2313 675 2348 australi
701 2314 855 2360 partibus
872 2322 880 2349 l
896 2314 1046 2360 quinque
1075 2314 1202 2348 solidos
1221 2321 1256 2348 et
1274 2326 1336 2348 sex
1363 2315 1521 2349 denarios
1538 2324 1546 2349 l
1563 2315 1651 2350 Item
1671 2317 1714 2351 de
