1922 2764
220 267 292 302 216
643 264 973 300 MUNIMENTA
1000 264 1259 300 FRATRUM

220 376 375 411 uerimus
414 374 595 410 audientes
633 375 753 410 missas
788 375 823 408 in
856 373 1012 409 ecclesiis
1050 373 1210 408 Fratrum
1241 374 1398 408 ordinum
1431 375 1682 411 Medicantinm

222 436 417 472 Dominicis
436 442 471 471 et
488 435 563 470 aliis
580 435 715 471 festiuis
734 436 856 470 diebus
873 444 881 471 s
897 447 965 469 non
985 440 1184 481 contempto
1203 435 1342 482 proprio
1361 436 1542 472 sacerdote
1560 446 1568 473 l
1587 438 1683 472 satis-

217 498 333 532 facere
351 503 519 544 precepto
539 497 686 532 ecclesie
706 497 750 532 de
769 495 941 531 audienda
959 495 1060 529 missa
1074 507 1140 530 nec
1154 495 1301 542 aliquam
1316 496 1428 531 labem
1442 498 1574 544 peccatj
1595 511 1683 533 mor-

219 559 297 593 talis
311 557 504 605 pennancie
519 557 698 592 incurrere
730 557 785 591 Ac
799 557 936 591 demum
952 568 1014 602 per
1028 555 1111 590 alias
1126 562 1261 591 nostras
1276 557 1378 592 etiam
1392 557 1426 591 in
1440 558 1550 592 forma
1566 558 1684 593 breuis

219 619 337 654 literas
356 619 469 653 omnia
487 631 526 653 ac
545 618 680 665 singula
706 617 890 665 priuilegia
908 616 1008 651 dictis
1037 616 1215 651 Fratribus
1234 630 1399 653 concessa
1420 639 1426 645 ·
1449 619 1553 653 saluis
1584 619 1684 654 dictis

219 679 517 714 moderacionibus
533 678 782 713 Lateranensis
798 677 943 724 Consilij
968 698 973 704 ·
997 678 1303 725 approbauerimus
1318 686 1354 714 et
1367 680 1683 714 confirmauerimus

220 753 259 774 ac
276 740 335 774 illa
353 752 428 774 cum
447 738 549 774 dictis
568 738 861 773 moderationibus
880 739 982 773 etiam
1002 744 1096 773 motu
1116 740 1256 786 proprio
1283 741 1563 776 innouauerimus
1581 748 1685 788 prout

220 801 252 834 in
274 800 419 847 singulis
434 800 668 846 constitutionj
686 806 721 834 et
739 799 849 833 literis
868 799 1034 846 predictis
1052 800 1188 847 plenius
1208 801 1405 836 continetur
1449 801 1683 836 Nihilominus

223 862 311 896 sicut
329 862 513 908 accipimus
532 861 688 907 plerique
719 860 881 906 ordinarij
914 860 1064 895 locorum
1100 867 1136 895 et
1165 861 1429 907 parrochialium
1461 862 1682 896 ecclesiarum

219 929 375 957 rectores
390 922 422 956 in
439 922 587 956 diuersis
600 921 716 967 mundj
737 922 890 968 partibus
913 942 919 947 ·
942 921 1081 968 proprie
1095 922 1213 956 salutis
1229 920 1470 967 [im]memores
1498 923 1637 970 Deique
1650 930 1686 958 et

220 984 453 1019 ecclesiastice
469 996 615 1018 censure
631 983 753 1017 timore
769 990 805 1017 et
823 983 1012 1029 apostolice
1032 983 1124 1018 sedis
1143 984 1343 1018 reuerentia
1355 984 1556 1031 postpositis
1578 1005 1584 1011 ·
1607 997 1684 1032 pre-

219 1045 334 1085 dicare
362 1051 397 1079 et
414 1044 585 1091 predicari
603 1044 717 1079 facere
736 1056 804 1078 non
839 1043 1025 1078 formidant
1046 1064 1052 1070 ·
1075 1056 1143 1078 non
1176 1044 1281 1079 licere
1314 1057 1430 1079 eorum
1450 1045 1684 1092 parrochianis

218 1111 359 1151 peccata
379 1117 439 1139 sua
453 1104 631 1138 Fratribus
650 1105 746 1139 iuxta
763 1104 952 1151 predictam
972 1105 1253 1140 constitutionem
1269 1105 1523 1141 Clementinam
1542 1120 1683 1153 presen-

218 1166 297 1200 tatis
314 1174 323 1202 1
341 1166 413 1200 sine
428 1166 579 1212 ipsorum
594 1172 767 1200 rectorum
778 1166 887 1212 petita
902 1166 996 1212 prius
1010 1172 1045 1200 et
1059 1166 1201 1200 obtenta
1215 1166 1310 1213 prius
1322 1166 1461 1201 licentia
1477 1176 1485 1203 l
1502 1167 1657 1213 confiterj
1676 1188 1682 1194 ·

219 1232 254 1261 et
272 1226 371 1260 aliter
390 1239 430 1261 ea
449 1226 626 1261 confessos
645 1227 687 1261 ad
707 1226 765 1261 illa
782 1239 902 1260 rursus
921 1227 1064 1261 eiisdem
1083 1227 1277 1261 rectoribus
1297 1228 1494 1262 confitenda
1513 1228 1682 1273 obligatos

219 1288 371 1322 existere
394 1308 400 1313 ·
423 1287 515 1333 quod
531 1286 557 1320 si
574 1299 673 1321 secus
688 1288 770 1321 fiant
785 1287 848 1321 eiis
864 1293 1077 1322 sacramenta
1096 1287 1228 1334 prefata
1247 1287 1453 1322 eucharistie
1473 1295 1507 1322 et
1527 1294 1683 1323 extreme

218 1347 390 1382 vnctionis
408 1347 603 1382 ministrare
622 1354 785 1382 recusant
806 1368 812 1374 ·
838 1348 1050 1395 eiisdemque
1068 1348 1303 1395 parrochianis
1331 1361 1375 1383 ne
1393 1349 1536 1396 prefatis
1555 1349 1683 1384 Fratri-

218 1409 281 1442 bus
300 1409 530 1443 confiteantur
547 1417 556 1444 l
573 1421 663 1442 neue
683 1420 801 1442 eorum
829 1408 871 1442 ad
904 1409 1069 1443 ecclesias
1099 1422 1162 1456 pro
1192 1409 1318 1444 diuinis
1350 1410 1530 1444 audiendis
1561 1410 1682 1445 diebus

218 1469 384 1515 predictis
413 1469 604 1505 accedant!
621 1469 817 1515 specialiter
837 1475 872 1503 et
891 1482 1057 1515 expresse
1076 1469 1289 1504 interdicunt
1309 1491 1315 1497 ·
1339 1470 1480 1505 Fratres
1499 1484 1582 1505 vero
1601 1484 1682 1517 quo-

219 1542 291 1564 rum
312 1530 372 1576 nitj
393 1529 546 1564 subsidio
560 1529 712 1564 fidelium
732 1529 933 1576 elymosinis
960 1542 1084 1576 magna
1102 1543 1146 1564 ex
1165 1537 1262 1576 parte
1281 1531 1472 1565 consulitur
1487 1531 1682 1566 elimosinas

219 1591 410 1637 huiusmodj
431 1598 552 1637 petere
571 1603 639 1624 non
658 1590 864 1637 permittunt
882 1591 957 1625 sine
977 1603 1094 1625 eorum
1113 1590 1253 1624 licentia
1279 1598 1314 1624 et
1345 1591 1606 1625 diocesanorum
1626 1592 1681 1626 vel

219 1663 336 1685 eorum
356 1651 558 1686 vicariorum
578 1651 688 1686 literis
711 1672 717 1678 -
741 1650 1078 1698 elymosinarumque
1098 1650 1366 1685 mendicatarum
1381 1651 1600 1686 medietatem
1616 1652 1679 1698 sibj

220 1711 404 1746 vendicare
423 1711 546 1745 uolunt
568 1732 574 1738 ·
598 1717 633 1746 et
651 1724 694 1745 ne
714 1712 853 1746 racione
873 1711 1127 1746 confessionum
1147 1719 1183 1745 et
1208 1711 1483 1746 celebracionum
1503 1712 1681 1747 missarum

217 1772 346 1818 aliquas
365 1785 385 1806 a
411 1772 480 1806 suis
508 1771 744 1818 parrochianis
776 1772 985 1818 elymosinas
1017 1771 1188 1818 accipiant
1218 1771 1404 1818 prohibere
1450 1772 1617 1818 Alioquin
1647 1779 1682 1807 et

218 1833 282 1880 ipsi
298 1842 452 1867 rectores
467 1832 523 1867 vel
538 1832 655 1879 vicarij
672 1833 875 1867 tantundem
891 1833 933 1867 ab
952 1832 1034 1879 ipsis
1050 1832 1285 1879 parrochianis
1300 1838 1511 1879 extorquere
1526 1833 1681 1868 nituntur

219 1900 254 1928 et
269 1893 311 1928 ad
329 1893 580 1940 prohibitiones
598 1893 793 1927 huiusmodi
813 1893 1047 1928 obseruandas
1062 1893 1218 1927 censuris
1240 1914 1246 1919 -
1269 1893 1323 1928 vel
1339 1894 1380 1927 ab
1396 1893 1576 1928 ordinariis
1591 1893 1681 1928 loco-

218 1966 292 1988 rum
312 1960 432 1988 contra
457 1954 589 1988 illarum
609 1960 887 2000 transgressores
913 1954 1040 2000 passim
1059 1953 1211 1988 obtentis
1230 1954 1285 1988 vel
1316 1954 1455 2001 propria
1485 1954 1680 1989 temeritate

219 2015 261 2048 ad
288 2014 489 2048 terrendum
518 2014 706 2061 simplicem
725 2014 889 2061 populum
909 2015 966 2061 qui
986 2027 1149 2049 censuras
1167 2014 1267 2048 timet
1285 2014 1362 2048 latis
1384 2035 1390 2040 ·
1413 2020 1556 2049 Vtuntur
1578 2034 1584 2041 ·
1607 2026 1680 2048 cor-

218 2087 370 2121 poraque
389 2081 601 2108 mortuorum
620 2075 678 2121 qui
698 2075 862 2121 eligerint
881 2075 1019 2122 sepelirj
1040 2075 1073 2108 in
1094 2074 1250 2109 ecclesiis
1267 2075 1502 2121 predictorum
1520 2074 1678 2108 Fratrum

218 2146 462 2180 nonnunquam
483 2134 622 2181 rapiunt
641 2141 676 2169 et
695 2135 737 2169 ad
765 2148 843 2169 suas
862 2135 1028 2170 ecclesias
1047 2135 1210 2170 deferunt
1227 2135 1424 2181 ibidemque
1443 2134 1560 2169 diuina
1590 2134 1679 2170 cele-

221 2195 322 2228 brant
336 2200 372 2227 vt
391 2193 439 2227 sic
458 2193 655 2228 oblaciones
673 2195 867 2241 percipiant
887 2215 894 2221 ·
918 2202 952 2229 et
970 2195 1013 2229 de
1031 2195 1245 2229 funeralibus
1264 2208 1303 2230 ac
1318 2195 1512 2230 mortuariis
1530 2208 1592 2242 pro
1606 2207 1679 2230 cor-

220 2254 368 2300 poribus·
396 2265 462 2299 que
497 2253 532 2286 in
569 2254 725 2288 ecclesiis
760 2255 929 2290 dictorum
966 2255 1125 2289 Fratrum
1166 2256 1372 2302 sepiliuntur
1411 2256 1592 2290 dimediam
1635 2255 1678 2288 de

222 2313 378 2348 omnibus
396 2313 602 2359 antelegatis
622 2320 657 2348 et
674 2314 910 2349 oblacionibus
929 2322 1082 2360 quartam
1102 2322 1218 2361 partes
1237 2322 1357 2350 contra
1385 2316 1441 2350 diu
1463 2316 1676 2350 obseruatam
