1922 2764
83 1110 165 1144 xvii.

647 210 822 246 CARTE
853 211 1027 248 GLASG
1038 212 1243 248 UENSES.
1606 219 1676 249 245

215 319 307 354 cleth
325 319 416 354 inter
434 325 561 354 terram
583 319 700 355 Sancti
727 319 887 355 Nicholai
920 333 964 355 ex
995 328 1093 368 parte
1125 321 1284 356 orientali
1317 330 1353 357 et
1382 329 1508 358 terram
1542 323 1675 370 Nigelli

216 379 364 415 Masoun
385 392 430 415 ex
448 386 546 427 parte
566 380 771 416 occidentali
794 401 800 407 -
821 394 885 428 pro
903 381 1055 428 quinque
1074 381 1197 416 marcis
1216 382 1344 416 vsualis
1369 389 1505 418 monete
1527 384 1646 419 Scocie
1670 406 1674 410 -

214 441 307 476 Acta
324 441 465 476 fuerunt
482 441 547 476 hec
565 441 655 488 apud
670 441 795 476 dictam
811 448 937 476 terram
958 454 1062 489 super
1081 442 1255 476 Kencleth
1274 443 1496 489 presentibus
1513 443 1675 480 Johanne

215 502 258 536 de
279 501 427 537 Camera
443 502 571 536 balliuo
597 502 680 537 dieti
706 502 809 549 burgi
837 502 973 537 Thoma
1001 502 1143 537 Ricardi
1172 502 1321 538 Patricio
1343 503 1477 538 Glovar
1523 504 1677 551 Hugone

216 562 413 597 Marschale
435 582 441 588 ·
464 561 583 596 Dauid
625 562 752 597 Brown
783 584 789 589 ·
819 563 978 597 Roberto
1022 563 1065 597 de
1111 562 1278 598 Caldwell
1306 584 1312 590 ·
1341 563 1515 599 Macolino
1553 565 1676 600 Glofar

217 622 368 657 Ricardo
387 622 576 669 Atkynson
620 623 780 659 Johanne
806 623 888 658 Dun
918 629 953 658 et
979 623 1139 659 Johanne
1167 623 1318 670 Dykson
1345 624 1578 671 burgensibus
1597 626 1678 661 dieti

215 682 316 730 burgi
347 682 391 717 de
421 682 557 729 Glasgu
588 683 735 718 testibus
757 704 763 710 ·
785 684 946 720 Johanne
979 684 1022 718 de
1056 684 1194 730 Hawyk
1225 685 1421 731 presbitero
1443 685 1674 731 Glasguensis

215 743 363 778 diocesis
383 743 516 778 notario
534 744 672 791 publico
695 766 700 770 -

219 925 285 960 Pro
301 925 439 960 domino
453 925 614 962 Johanne
629 926 673 961 de
693 926 841 972 Dalgles
863 925 938 973 Pyd
961 948 966 952 -
990 927 1033 961 de
1048 927 1171 961 annuis
1193 927 1384 962 redditibus
1408 940 1453 962 ex
1471 930 1679 964 tenementis

219 986 384 1021 Willelmi
406 987 527 1034 Smyth
543 995 553 1023 Ι
568 987 737 1023 Johannis
757 987 800 1021 de
822 987 1004 1022 Prebenda
1023 994 1058 1022 et
1079 988 1182 1034 Bricij
1205 988 1361 1034 Talyour

219 1081 273 1146 In
293 1111 430 1146 nomine
451 1111 592 1158 Dominj
614 1111 729 1146 Amen
753 1132 758 1137 ·
782 1124 844 1158 per
862 1124 1007 1158 presens
1026 1112 1291 1146 instrumentum
1313 1119 1429 1159 pateat
1447 1112 1538 1159 quod
1557 1125 1646 1147 anno
1662 1126 1681 1146 a

218 1172 398 1207 natiuitate
414 1172 555 1219 Dominj
576 1172 758 1206 millesimo
791 1184 880 1207 cccc
900 1172 1007 1219 xxviij
1033 1193 1038 1199 -
1061 1172 1189 1207 mensis
1203 1173 1297 1219 Junij
1315 1173 1370 1207 die
1386 1179 1507 1219 quarta
1529 1194 1534 1199 ·
1558 1173 1597 1206 ln
1616 1174 1681 1207 mei

219 1233 340 1280 notarij
371 1233 500 1281 publici
519 1239 554 1268 et
571 1233 711 1268 testium
743 1233 1013 1280 subscriptorum
1045 1234 1229 1280 presencia
1249 1254 1255 1260 ·
1278 1234 1406 1270 Joneta
1438 1234 1514 1280 Pyd
1544 1234 1614 1268 filia
1645 1242 1678 1268 et

216 1294 318 1329 heres
352 1294 515 1341 Hugonis
548 1294 623 1340 Pyd
655 1294 826 1341 quondam
858 1294 1043 1340 burgensis
1075 1294 1118 1329 de
1141 1294 1279 1341 Glasgu
1301 1315 1306 1320 -
1330 1294 1680 1331 vendiditsdiscreto

216 1355 290 1389 viro
309 1355 447 1389 domino
465 1354 617 1391 Johanni
636 1354 680 1389 de
699 1354 848 1401 Dalgles
866 1355 1062 1401 presbitero
1093 1361 1263 1402 perpetuo
1283 1355 1411 1389 vicario
1429 1355 1472 1390 de
1492 1355 1680 1402 Dregarne

219 1416 451 1463 Glasguensis
470 1415 618 1450 diocesis
640 1436 646 1442 ·
670 1415 820 1462 quinque
840 1415 969 1450 solidos
994 1416 1097 1462 annuj
1127 1416 1284 1451 redditus
1312 1416 1355 1450 de
1374 1422 1575 1451 tenemento
1597 1416 1681 1451 Wil-

216 1477 307 1524 lelmj
347 1477 468 1524 Smyth
491 1498 496 1503 ·
520 1477 655 1512 iacente
691 1490 736 1511 ex
770 1484 868 1524 parte
904 1478 1063 1512 orientali
1100 1477 1223 1525 Magni
1261 1478 1341 1513 Vici
1378 1478 1603 1513 extendentis
1638 1480 1680 1513 ab

217 1538 376 1573 Ecclesia
394 1538 553 1573 Fratrum
577 1559 583 1565 ·
606 1551 714 1585 vsque
741 1538 783 1573 ad
813 1538 962 1574 Crucem
986 1538 1068 1573 Fori
1087 1539 1169 1573 dicti
1197 1539 1299 1585 burgi
1327 1539 1417 1574 inter
1444 1546 1680 1575 tenementum

217 1600 421 1634 vicariorum
453 1599 548 1634 chori
583 1599 814 1646 Glasguensis
846 1600 937 1646 quod
976 1599 1041 1634 fuit
1080 1599 1224 1647 Martinj
1262 1600 1473 1646 Goldsmyth
1507 1613 1552 1635 ex
1582 1608 1680 1648 parte

217 1660 338 1694 boriali
358 1666 393 1695 et
411 1667 536 1695 terram
557 1660 728 1707 quondam
747 1660 917 1696 Johannis
936 1660 1072 1695 Gibson
1091 1661 1276 1707 burgensis
1296 1661 1377 1696 dicti
1398 1661 1499 1708 burgi
1518 1674 1563 1697 ex
1582 1671 1678 1709 parte

218 1722 357 1756 australi
380 1742 386 1748 ·
410 1729 445 1756 et
463 1728 534 1756 tres
554 1722 681 1756 solidos
701 1728 736 1756 et
754 1722 800 1768 iiij
821 1721 982 1756 denarios
1005 1743 1010 1748 ·
1034 1722 1138 1768 annuj
1159 1722 1316 1757 redditus
1335 1722 1377 1757 de
1393 1735 1461 1757 vno
1480 1729 1680 1758 tenemento

219 1781 323 1828 Bricij
345 1781 536 1828 Tailyeour
551 1782 685 1817 iacente
705 1795 748 1816 ex
769 1789 866 1829 parte
883 1782 1041 1817 orientali
1062 1783 1186 1829 Magni
1204 1782 1281 1817 Vici
1302 1783 1392 1818 inter
1411 1790 1537 1818 terram
1555 1784 1679 1819 Sancte

221 1841 352 1876 Tanew
371 1854 415 1876 ex
433 1849 531 1889 parte
551 1842 691 1876 australi
711 1849 746 1877 et
764 1849 1000 1877 tenementum
1030 1843 1213 1890 Mergrete
1242 1844 1334 1889 Kyle
1363 1857 1407 1878 ex
1435 1851 1531 1890 parte
1558 1845 1678 1879 boriali

221 1908 256 1936 et
274 1909 345 1936 tres
364 1902 491 1937 solidos
518 1909 554 1937 et
571 1903 628 1949 viij
657 1903 817 1937 denarios
849 1903 892 1937 de
924 1910 1125 1938 tenemento
1155 1903 1325 1939 ,Iohannis
1356 1904 1399 1938 de
1432 1904 1615 1940 Prebenda
1646 1907 1678 1940 in

224 1963 346 1997 eodem
366 1963 442 1997 vico
460 1963 552 1997 inter
569 1969 806 1998 tenementum
834 1963 925 1998 dicte
953 1964 1156 2011 Margarete
1185 1965 1263 1999 Kile
1292 1978 1335 1999 ex
1362 1971 1459 2012 parte
1479 1967 1618 2001 australi
1646 1975 1681 2002 et

222 2030 457 2058 tenementum
480 2023 630 2069 Agnetis
651 2023 753 2058 Ruke
773 2036 817 2058 ex
835 2030 934 2071 parte
954 2025 1075 2059 boriali
1092 2034 1100 2061 Ι
1116 2038 1179 2072 pro
1198 2038 1262 2060 sex
1281 2025 1376 2060 libris
1395 2026 1522 2061 vsualis
1541 2035 1678 2063 monete

222 2084 319 2130 regnj
344 2083 462 2118 Scocie
485 2104 492 2109 ·
518 2084 609 2118 Acta
625 2084 766 2118 fuerunt
785 2084 849 2118 hec
867 2084 901 2118 in
921 2085 1032 2131 burgo
1051 2085 1093 2120 de
1117 2085 1252 2132 Glasgu
1283 2086 1440 2133 predicto
1459 2089 1679 2134 presentibus

221 2152 303 2180 tunc
332 2144 459 2179 ibidem
486 2144 743 2191 circumspectis
775 2152 811 2179 et
840 2144 998 2180 discretis
1025 2146 1108 2181 viris
1127 2146 1240 2181 Alano
1275 2147 1490 2193 Rankynson
1523 2148 1677 2184 balliuo·

222 2205 368 2240 dominis
396 2205 545 2239 Ricardo
567 2205 742 2240 Gardiner
784 2205 945 2241 Johanne
974 2206 1098 2241 Brown
1126 2213 1162 2241 et
1182 2207 1356 2242 Willelmo
1377 2208 1520 2255 Quhyte
1548 2210 1678 2256 presbi-

223 2267 306 2300 teris
343 2278 477 2300 necnon
509 2265 671 2300 Gilberto
697 2266 741 2301 de
770 2266 942 2312 Kyngorn
964 2287 970 2293 ·
995 2266 1171 2302 Willelmo
1198 2267 1241 2302 de
1270 2268 1451 2313 Kyrkland
1475 2289 1480 2295 ·
1506 2269 1679 2305 Willelmo
