1922 2764
109 1550 166 1586 74.

217 226 287 257 :228
631 221 962 258 MUNIMENTA
993 223 1255 258 FRATRUM

217 331 320 366 saidis
338 332 515 367 tennentis
534 332 657 379 yeirlie
684 332 719 366 in
738 332 827 367 thair
845 332 951 368 males
994 332 1144 367 BECAUS
1171 331 1231 367 the
1261 331 1334 366 said
1360 332 1476 368 Johne
1496 331 1590 367 Blair
1608 345 1675 367 was

217 393 398 427 summond
417 393 456 427 of
467 392 579 428 befoir
596 399 632 428 to
650 393 739 428 haue
758 393 927 440 comperit
945 392 1055 428 befoir
1074 392 1132 427 the
1152 392 1256 427 saidis
1274 392 1381 428 lordis
1399 398 1435 428 at
1452 405 1516 428 ane
1536 399 1677 428 certane

216 454 284 501 day
301 454 427 501 bypast
445 461 480 489 to
498 453 587 489 haue
605 454 691 489 hard
709 454 767 489 the
787 454 890 488 saidis
921 453 1043 488 lettres
1061 453 1167 500 gevin
1186 452 1221 488 in
1247 465 1367 488 maner
1383 453 1525 488 foirsaid
1544 466 1583 488 οι·
1601 454 1678 488 ellis

215 520 251 549 to
269 514 358 550 haue
377 515 498 562 allegit
514 528 579 550 ane
598 515 803 550 ressonabill
823 527 903 549 caus
922 514 1017 561 quhy
1034 514 1094 549 the
1113 526 1259 561 samyng
1289 514 1367 549 suld
1384 515 1490 550 nocht
1515 515 1559 550 be
1586 515 1677 550 done

215 575 297 611 with
315 576 565 611 certificatioun
594 582 629 610 to
656 576 725 610 him
744 575 812 610 and
842 575 886 610 he
917 575 1052 622 failyeit
1079 575 1153 610 that
1182 575 1327 611 letteres
1346 575 1433 610 wald
1463 576 1507 611 be
1539 576 1678 611 directit

216 650 330 684 vpone
348 637 418 672 him
436 637 471 672 in
489 650 608 672 maner
623 636 862 671 abouewrittin
907 635 992 671 And
1010 636 1067 671 hie
1082 637 1291 685 comperand
1309 637 1352 672 be
1367 637 1426 672 the
1446 637 1519 672 said
1538 637 1678 673 maister

216 698 335 733 Dauid
354 698 516 734 MacGill
533 699 586 734 his
604 704 831 746 procuratour
850 698 963 733 schew
982 711 1026 733 na
1043 699 1249 734 ressonabill
1267 712 1348 734 caus
1366 699 1460 747 quhy
1478 700 1537 735 the
1557 712 1677 747 samyn

216 759 294 794 suld
312 759 417 795 nocht
434 760 477 795 be
497 760 586 794 done
618 760 687 794 like
720 771 757 794 as
785 772 853 794 was
883 759 1015 795 cleirlie
1034 760 1249 796 vnderstand
1280 766 1316 796 to
1334 761 1392 795 the
1412 761 1516 795 saidis
1542 760 1649 795 lordis
1667 771 1676 798 l

216 821 422 856 Extractum
441 821 484 856 de
504 820 612 856 Libro
640 821 813 855 Actorum
840 833 903 868 per
933 834 988 856 me
1018 821 1220 869 magistrum
1250 822 1419 858 Jacobum
1450 821 1602 869 Makgill
1632 823 1675 858 de

216 882 423 917 Rankelour
442 882 570 917 Nethir
588 882 752 917 clericum
770 881 961 916 rotulorum
979 882 1121 929 registri
1141 895 1180 917 ac
1198 882 1333 917 consilii
1348 895 1508 930 supreme
1524 882 1676 918 Domine

215 950 334 978 nostre
355 944 493 989 Regine
513 943 575 978 sub
590 943 675 978 meis
690 943 790 990 signo
806 949 841 978 et
852 943 1107 991 subscriptione
1121 943 1336 978 manualibus
1355 964 1361 970 ·
1386 965 1392 971 ·
1414 944 1678 985 QUoannEM

215 1011 328 1039 actum
347 1017 408 1039 seu
426 1004 605 1039 decretum
623 1016 663 1039 ac
682 1004 795 1039 omnia
822 1010 857 1039 et
883 1004 1021 1051 singula
1046 1004 1081 1039 in
1109 1004 1232 1040 eodem
1258 1010 1423 1040 contenta
1448 1005 1678 1052 approbamus

215 1066 422 1100 ratificamus
441 1077 479 1100 ac
509 1078 572 1113 pro
604 1065 703 1100 nobis
722 1071 758 1100 et
786 1065 1044 1100 successoribus
1074 1065 1203 1100 nostris
1221 1072 1259 1101 vt
1276 1065 1481 1113 premissum
1500 1066 1676 1101 confirma-

216 1139 291 1161 mus
313 1147 319 1153 ·
342 1126 473 1161 Datum
492 1126 555 1160 sub
569 1126 768 1161 testimonio
783 1126 893 1161 nostri
911 1126 1027 1173 magni
1046 1126 1149 1174 sigilli
1169 1127 1260 1174 apud
1277 1127 1485 1174 Edinburgh
1499 1127 1678 1162 vicesimo-

217 1187 369 1222 secundo
388 1187 444 1222 die
463 1187 590 1222 mensis
612 1187 776 1222 Octobris
795 1200 886 1222 anno
904 1187 1005 1235 regni
1024 1188 1134 1223 nostri
1153 1188 1410 1235 decimoquinto
1432 1210 1438 1215 ·

219 1370 325 1406 Carta
341 1370 511 1407 Johannis
530 1370 811 1417 commendatarij
844 1370 887 1405 de
908 1370 1162 1418 Coldinghame
1194 1371 1238 1406 de
1269 1384 1333 1406 sex
1360 1371 1461 1406 bollis
1480 1372 1678 1407 victualium

215 1432 449 1479 percipiendis
468 1432 511 1467 de
530 1431 729 1466 molendino
748 1432 791 1466 de
810 1431 981 1468 Darnelie
1001 1438 1037 1467 et
1055 1432 1098 1467 de
1116 1432 1162 1468 lie
1181 1432 1311 1480 Manys
1330 1433 1373 1468 de
1394 1433 1630 1469 Crukistoune

220 1526 414 1592 OMNIBUS
435 1569 533 1592 IIANC
554 1569 701 1592 CARTAM
721 1557 847 1592 visuris
873 1557 1016 1592 lecturis
1034 1557 1090 1592 vel
1117 1557 1285 1592 audituris
1311 1557 1490 1593 Johannes
1509 1570 1680 1593 commen-

218 1617 369 1653 datarius
388 1618 431 1653 de
453 1617 681 1665 Coldingame
700 1631 739 1653 ac
757 1618 916 1653 dominus
941 1618 1098 1665 superior
1116 1624 1287 1653 terrarum
1305 1618 1348 1653 de
1367 1618 1538 1653 Darnelie
1585 1619 1679 1654 Salu-

217 1685 286 1714 tem
317 1679 351 1713 in
383 1679 537 1714 Domino
569 1680 813 1726 sempiternam
871 1679 965 1720 Quia
994 1685 1088 1714 terre
1120 1685 1156 1714 et
1189 1679 1340 1714 dominia
1369 1679 1413 1714 de
1447 1679 1610 1715 Crukisfe
1645 1686 1680 1715 et

217 1739 457 1775 Inchinnanne
476 1753 553 1775 cum
572 1740 773 1775 tenentibus
801 1746 836 1775 et
862 1740 1054 1775 tenandriis
1072 1739 1271 1775 earumdem
1289 1739 1324 1774 in
1343 1739 1500 1775 manibus
1519 1753 1679 1788 supreme

216 1801 371 1836 Domine
398 1807 516 1836 nostre
546 1801 685 1848 Regine
716 1801 850 1836 ratione
883 1801 1044 1836 eschaete
1076 1801 1120 1836 ol)
1150 1800 1401 1836 forisfacturam
1432 1800 1567 1848 Mathej
1600 1801 1680 1836 olim

219 1862 365 1898 Comitis
383 1862 426 1897 de
446 1862 616 1898 Levenax
634 1875 697 1910 pro
716 1862 891 1897 nonnullis
910 1862 1101 1910 proditorie
1125 1861 1320 1897 traditionis
1339 1868 1374 1896 et
1392 1861 1465 1897 lese
1492 1862 1680 1897 maiestatis

217 1923 415 1958 criminibus
433 1936 495 1970 per
514 1924 665 1958 eundem
683 1923 873 1958 commissis
892 1923 1114 1958 deuenerunt
1134 1943 1140 1949 ·
1165 1923 1220 1957 ET
1240 1923 1378 1958 easdem
1393 1928 1505 1958 terras
1520 1929 1556 1958 et
1574 1923 1680 1958 domi-

217 1984 274 2018 nia
283 1996 359 2019 cum
374 1984 574 2019 tenentibus
588 1984 780 2020 tenandriis
793 1984 992 2020 earumdem
1007 1996 1168 2031 suprema
1181 1983 1335 2018 Domina
1348 1989 1468 2018 nostra
1485 1983 1623 2031 Regina
1635 1996 1680 2018 ex

218 2044 292 2078 eius
307 2044 513 2091 specialibus
531 2045 644 2092 gratia
661 2051 697 2080 et
715 2045 807 2080 dono
822 2045 921 2092 michj
942 2044 1153 2080 hereditarie
1168 2044 1265 2079 dedit
1279 2050 1315 2079 et
1328 2044 1475 2080 contulit
1496 2066 1502 2072 ·
1525 2051 1628 2092 prout
1646 2045 1679 2079 in

216 2104 324 2151 ipsius
343 2118 503 2152 supreme
518 2106 671 2141 Domine
687 2112 805 2141 nostre
826 2106 964 2153 Regine
978 2105 1225 2141 infeofamento
1239 2105 1340 2152 michj
1358 2105 1508 2153 desuper
1523 2106 1681 2141 confecto

217 2165 319 2199 latius
331 2165 528 2200 continetur
550 2186 556 2192 ·
580 2173 615 2201 et
629 2167 721 2213 quod
735 2166 835 2201 nobis
846 2167 1041 2202 luculenter
1054 2167 1234 2202 constabat
1247 2179 1310 2214 per
1325 2166 1494 2214 quandam
1507 2166 1679 2214 antiquam

218 2232 345 2261 cartam
365 2227 556 2262 confectam
570 2240 633 2274 per
648 2228 819 2275 quondam
833 2228 924 2263 bone
939 2228 1104 2264 memorie
1116 2241 1230 2263 meum
1244 2228 1539 2275 consanguineum
1553 2228 1681 2264 Johanu

218 2299 297 2322 nem
319 2287 466 2322 Stewart
491 2287 665 2322 dominum
692 2289 735 2323 de
754 2288 915 2335 Darnely
934 2289 1025 2336 quod
1043 2289 1185 2324 Fratres
1205 2289 1447 2324 Predicatores
1474 2289 1517 2324 de
1547 2288 1680 2335 Glasgu
