1922 2764
237 268 307 299 222
660 264 990 300 MUNIMENTA
1018 263 1277 299 FRATRUM

238 373 396 408 omnibus
415 379 451 408 et
468 373 614 420 singulis
633 373 735 408 terris
766 374 810 408 de
842 373 1076 409 Strathawane
1097 385 1172 407 cum
1202 372 1348 418 singulis
1377 372 1447 406 suis
1477 372 1701 419 pertinenciis

234 433 429 480 jacentibus
448 434 482 468 in
501 434 643 469 baronia
658 440 694 469 et
711 434 863 469 dominio
881 434 924 468 de
942 433 1127 468 Avendale
1147 433 1235 467 infra
1250 433 1526 468 vicecomitatum
1545 440 1702 468 nostrum

237 495 281 529 de
296 494 437 529 Lanark
475 495 545 536 Qui
560 495 699 542 quidem
714 507 848 529 annuus
862 494 1020 529 redditus
1036 506 1112 528 cum
1126 494 1354 541 pertinenciis
1369 494 1611 541 suprascriptis
1626 507 1702 541 pre-

236 555 315 590 fatis
335 555 446 590 Priori
465 562 501 590 et
518 555 706 590 conuentui
725 555 886 603 perprius
905 554 1116 589 hereditarie
1134 555 1304 602 pertinuit
1329 568 1392 602 per
1424 555 1516 602 ipsos
1534 555 1577 590 de
1597 568 1703 602 quon·

237 616 313 651 dam
332 616 464 652 Jacobo
485 616 735 662 Hammyltoun
755 616 798 650 de
831 616 989 661 Fynnart
1019 615 1128 650 milite
1159 615 1357 651 immediate
1389 621 1507 650 tentus
1537 616 1571 649 in
1591 615 1703 662 capite

238 677 295 724 qui
314 677 507 711 huiusmodi
526 690 676 711 annuum
695 676 868 711 redditum
887 676 970 723 ipsis
985 682 1021 711 et
1039 688 1158 711 eorum
1173 677 1430 711 successoribus
1449 689 1512 724 pro
1532 676 1704 722 suffragiis

239 744 274 772 et
292 738 504 773 orationibus
531 751 594 785 pro
612 738 725 772 anima
750 738 921 784 quondam
953 737 1123 773 Johannis
1155 737 1288 772 comitis
1319 738 1363 773 de
1396 738 1567 772 Leuenax
1586 738 1704 772 vltimo

238 798 392 833 defuncti
411 811 473 846 per
491 799 583 846 ipsos
603 798 821 833 celebrandis
840 797 961 832 tribuit
1004 798 1051 833 Et
1069 811 1162 833 nunc
1185 799 1285 833 nobis
1313 799 1466 846 pertinet
1484 806 1520 833 et
1545 799 1579 833 in
1600 799 1704 833 mani-

238 860 301 893 bus
320 860 447 894 nostris
466 859 609 894 deuenit
627 859 760 893 ratione
780 859 942 894 eschaete
961 859 1005 893 ob
1032 859 1283 894 forisfacturam
1309 860 1376 895 rite
1404 873 1508 907 super
1535 861 1703 907 prefatum

238 920 408 966 quondam
426 920 592 956 Jacobuni
614 920 797 954 deductam
816 927 919 966 prout
937 920 970 954 in
991 933 1154 967 processu
1177 927 1212 955 et
1229 920 1448 955 forisfacture
1467 921 1610 955 decreto
1638 920 1704 955 rite

238 988 358 1016 contra
382 981 491 1028 ipsum
512 981 671 1015 deductis
698 980 800 1015 latius
820 981 1018 1015 continetur
1040 1001 1046 1007 ·
1071 981 1291 1017 TENENDUM
1312 988 1347 1016 et
1372 982 1567 1016 habendum
1594 981 1706 1028 prefa-

238 1048 309 1076 tum
328 1054 478 1075 annuum
498 1041 671 1076 redditum
690 1041 833 1088 prefatis
855 1041 965 1076 Priori
985 1048 1021 1076 et
1037 1042 1226 1077 conuentui
1246 1048 1281 1077 et
1301 1055 1418 1077 eorum
1448 1042 1705 1077 successoribus

238 1102 281 1137 de
301 1102 400 1136 nobis
419 1109 454 1136 et
473 1102 599 1137 nostris
619 1102 877 1137 successoribus
896 1102 930 1137 in
949 1103 1052 1137 feodo
1071 1110 1106 1138 et
1136 1103 1332 1138 hereditate
1362 1103 1615 1150 imperpetuum
1643 1115 1705 1150 per

238 1176 357 1198 omnes
376 1169 487 1198 rectas
507 1169 615 1198 metas
634 1176 712 1198 suas
731 1164 888 1210 antiquas
907 1170 943 1199 et
961 1164 1089 1199 diuisas
1112 1185 1118 1191 ·
1144 1165 1386 1200 RESERUATIS
1406 1165 1506 1200 nobis
1525 1172 1560 1200 et
1578 1165 1705 1200 nostris

238 1225 513 1259 successsoribus
532 1225 742 1271 prefatorum
767 1225 922 1260 Priorum
937 1232 973 1260 et
991 1232 1185 1260 conuentus
1204 1227 1406 1261 deuotarum
1426 1227 1618 1262 orationum
1638 1226 1705 1261 suf-

237 1285 357 1332 fragiis
376 1298 414 1320 ac
433 1286 610 1320 animabus
631 1286 920 1321 nobilissimorum
939 1294 1134 1322 nostrorum
1155 1288 1417 1335 progenitorum
1436 1301 1573 1323 necnon
1592 1288 1704 1322 anime

237 1346 385 1393 predicti
403 1347 575 1393 quondam
592 1347 763 1383 ,Iohannis
782 1348 916 1382 comitis
935 1348 978 1382 de
998 1347 1169 1382 Leuenax
1188 1349 1362 1383 contentis
1385 1348 1418 1382 in
1439 1355 1532 1383 carta
1550 1348 1633 1396 ipsis
1661 1348 1704 1383 de

237 1407 380 1454 prefatis
408 1407 528 1442 decem
561 1408 683 1442 marcis
714 1409 818 1442 annui
850 1409 1007 1443 redditus
1038 1422 1101 1456 per
1134 1410 1304 1456 prefatum
1335 1410 1507 1457 quondam
1536 1410 1704 1446 Jacobum

240 1468 500 1503 Hammiltoune
516 1468 558 1503 de
574 1468 731 1515 Fynnart
749 1469 892 1503 militem
908 1482 1073 1504 concessa
1094 1491 1100 1497 ·
1124 1470 1165 1504 IN
1183 1483 1292 1506 colos
1309 1471 1359 1505 rei
1374 1471 1607 1506 testimonium
1625 1471 1705 1506 huic

238 1529 394 1576 presenti
413 1536 506 1564 carte
527 1536 645 1564 nostre
665 1543 825 1576 magnum
845 1530 996 1576 sigillum
1016 1537 1170 1565 nostrum
1195 1531 1321 1578 apponi
1346 1533 1565 1579 precepimus
1610 1531 1704 1566 Tes-

239 1602 347 1625 Tlssos
367 1591 661 1625 reuerendissimo
681 1598 716 1626 et
735 1592 931 1626 reuerendo
950 1592 983 1626 in
1005 1592 1086 1639 Xpo
1104 1593 1260 1640 patribus
1279 1593 1425 1628 Gawino
1444 1593 1704 1640 archiepiscopo

242 1650 456 1696 Glasguensi
468 1651 674 1686 cancellario
686 1658 805 1686 nostro
835 1653 992 1687 Henrico
1005 1653 1168 1701 episcopo
1182 1654 1422 1689 Candidecase
1437 1661 1555 1689 nostre
1571 1655 1703 1702 capelle

238 1712 335 1758 regie
358 1712 645 1759 Striuelingensis
684 1713 820 1748 dilectis
839 1715 967 1748 nostris
986 1715 1255 1762 consanguineis
1273 1715 1406 1751 Jacobo
1426 1715 1561 1750 Aranie
1581 1716 1705 1750 comite

238 1772 376 1807 domino
397 1773 669 1820 Hammyltoune
722 1774 938 1809 Archibaldo
966 1775 1091 1810 comite
1124 1776 1278 1823 Ergadie
1311 1776 1449 1811 domino
1469 1776 1650 1824 Campbell
1670 1783 1705 1812 et

238 1833 357 1868 Lorne
389 1839 424 1868 et
440 1833 626 1868 Maleolmo
641 1834 780 1868 domino
796 1835 969 1882 Flemyng
983 1849 1109 1882 magno
1123 1843 1244 1871 nostro
1259 1837 1447 1871 camerario
1478 1837 1614 1872 dilectis
1628 1850 1705 1872 nos-

240 1894 301 1928 tris
318 1894 542 1929 familiaribus
559 1894 694 1930 'I'homa
710 1895 837 1930 Erskin
853 1896 896 1931 de
917 1897 1068 1932 Brechin
1085 1898 1192 1932 milite
1213 1899 1401 1933 secretario
1420 1904 1538 1933 nostro
1572 1899 1704 1934 Jacobo

242 1954 434 2001 Kirkcaldy
449 1955 492 1989 de
511 1955 657 2002 Grange
673 1963 792 1991 nostro
807 1957 1022 1993 thesaurario
1054 1958 1173 1993 Dauid
1191 1959 1280 1993 Wod
1295 1959 1338 1994 de
1355 1958 1450 2005 Crag
1468 1965 1702 2006 compotorum

241 2021 434 2049 nostrorum
453 2016 645 2051 rotulatore
689 2017 864 2064 magistris
890 2019 1023 2055 Jacobo
1054 2019 1173 2054 Foulis
1204 2020 1247 2054 de
1269 2019 1480 2055 Colintoune
1508 2026 1703 2055 nostrorum

240 2075 429 2109 rotulorum
457 2077 597 2123 registri
616 2090 655 2112 ac
673 2078 805 2125 consilij
827 2079 953 2114 clerico
973 2086 1008 2115 et
1027 2079 1163 2115 Thoma
1194 2080 1411 2116 Bellendene
1430 2081 1473 2115 de
1494 2081 1703 2116 Auchnoule

242 2141 435 2170 nostrarum
454 2136 641 2172 iusticiarie
657 2145 692 2173 et
706 2140 911 2175 cancellarie
931 2141 1058 2175 clerico
1077 2154 1116 2176 ac
1135 2141 1307 2176 directore
1343 2141 1451 2189 Apud
1473 2142 1702 2189 Edinburghe

242 2195 423 2230 vndecimo
437 2196 493 2231 die
509 2198 637 2232 mensis
653 2198 776 2246 Marcij
797 2213 888 2234 anno
908 2201 1048 2249 Dominj
1070 2202 1251 2238 millesimo
1266 2203 1545 2249 quingentesimo
1560 2203 1703 2250 quadra-

242 2256 375 2302 gesimo
393 2262 429 2291 et
446 2257 547 2303 regni
565 2259 674 2293 nostri
694 2260 982 2296 vicesimooctauo
1005 2283 1010 2288 ·
