1922 2764
206 255 272 287 118
529 250 685 285 LIBER
711 250 959 286 ECCLESIE
989 250 1329 286 COLLEGIATE

203 349 341 383 Morum
364 349 586 395 Glasguense
606 361 652 383 ex
669 348 743 382 aliis
769 348 924 395 partibus
950 353 1053 395 prout
1075 348 1169 394 jacet
1194 347 1228 380 in
1256 346 1474 393 longitudine
1493 352 1529 380 et
1546 346 1659 380 latitu-

202 409 283 443 dine
305 430 311 436 ·
334 409 403 443 ET
439 408 625 443 IBIDEM
661 409 772 443 dictus
806 409 954 443 balliuus
990 414 1114 442 statum
1146 407 1305 441 saisinam
1337 413 1372 441 et
1405 406 1659 451 possessionem

201 469 431 505 hereditarios
445 469 714 516 preseriptarum
728 475 898 504 terrarum
913 469 1091 503 domorum
1105 473 1383 502 tenementorum
1398 479 1551 501 acrarum
1571 467 1661 512 riga-

201 543 277 564 rum
300 536 452 565 ortorum
479 530 683 564 horreorum
708 535 743 564 et
767 542 958 563 annuorum
986 528 1181 563 reddituum
1201 540 1277 562 cum
1297 540 1415 562 eorum
1441 527 1661 574 pertinentiis

203 591 353 625 discreto
364 590 439 625 viro
452 590 590 625 domino
603 589 754 626 Johanni
772 589 1031 624 Hammiltoune
1043 588 1221 635 capellano
1234 601 1273 623 ac
1285 588 1515 635 prebendario
1527 588 1660 635 prefate

204 650 307 686 Noue
327 651 522 697 Collegiate
543 650 701 685 Ecelesie
722 650 905 684 Beatarum
926 649 1040 684 Marie
1062 649 1220 696 Virginis
1239 655 1274 684 et
1294 649 1399 683 Anne
1425 649 1542 683 matris
1562 649 1635 683 eius
1652 659 1661 685 Ι

204 711 342 746 nomine
357 712 512 746 eiusdem
529 711 723 757 Collegiate
738 710 897 745 Ecclesie
913 718 922 745 l
939 710 1082 744 fundate
1097 715 1133 744 et
1147 715 1263 744 erecte
1278 722 1340 756 per
1354 709 1522 756 prefatum
1539 710 1661 755 magis-

204 778 294 807 trum
307 772 475 807 Jacobum
492 772 700 806 Houstoune
715 770 804 804 infra
818 770 992 805 ciuitatem
1007 770 1262 817 Glasguensem
1280 779 1288 806 Ι
1305 783 1368 817 per
1382 777 1475 805 terre
1490 777 1525 805 et
1539 770 1662 817 lapidis

204 845 243 866 ac
261 832 306 866 lie
324 833 410 879 hesp
429 838 464 867 et
483 832 595 878 stapill
614 831 835 866 traditionem
855 830 1062 865 deliberauit
1084 852 1089 857 -
1114 830 1340 865 Presentibus
1358 830 1483 865 ibidem
1503 830 1662 865 diseretis

205 893 287 926 viris
313 893 472 929 Johanne
503 892 613 927 Sellar
640 898 675 926 et
703 891 842 926 Dauide
872 891 1038 925 Watsone
1066 891 1235 925 seriandis
1260 890 1421 927 Johanne
1442 890 1554 924 Wann
1582 891 1661 925 bur-

205 966 314 1000 gense
334 954 424 988 dicte
445 953 593 988 ciuitatis
616 952 777 988 ,Johanne
805 951 964 998 Dalgleis
982 951 1068 986 laico
1087 964 1126 986 ac
1145 951 1282 985 domino
1302 950 1516 985 Archibaldo
1543 951 1661 985 Dikke

206 1014 383 1061 capellano
406 1035 411 1040 ·
436 1013 502 1048 ET
529 1013 638 1048 EGO
667 1012 818 1047 Thomas
847 1012 953 1046 Knox
979 1011 1126 1046 clericus
1149 1011 1381 1058 Glasguensis
1404 1011 1553 1045 ciuitatis
1578 1011 1660 1057 pub-

204 1075 290 1110 licus
309 1087 404 1109 sacra
422 1074 626 1109 auctoritate
647 1073 851 1120 Apostolica
869 1072 1022 1107 notarius
1076 1071 1169 1112 Quia
1191 1070 1287 1118 [eta]
1313 1092 1318 1098 -
1342 1071 1410 1105 ET
1434 1071 1544 1106 EGO
1565 1071 1662 1104 Will-

206 1135 314 1170 elmus
336 1135 468 1182 Hegait
484 1134 630 1169 clericus
649 1134 879 1181 Glasgnensis
894 1132 1042 1167 diocesis
1061 1132 1218 1179 publicus
1237 1132 1441 1167 auctoritate
1459 1131 1661 1178 Apostoliea

205 1195 358 1230 notarius
412 1195 504 1236 Quia
525 1193 620 1242 [eto]

207 1344 277 1409 IN
304 1375 394 1409 DEI
421 1375 558 1410 nomine
580 1375 694 1410 Amen
717 1396 722 1401 -
748 1375 815 1410 Per
832 1374 898 1410 hoc
921 1375 1094 1422 publicum
1113 1375 1379 1409 instrumentum
1397 1374 1529 1409 cunctis
1547 1380 1663 1420 pateat

207 1436 296 1481 quod
316 1448 406 1470 anno
433 1436 677 1470 incarnationis
697 1435 882 1470 Dominice
909 1435 1090 1470 millesimo
1108 1434 1387 1481 quingentesimo
1406 1434 1661 1481 trigesimosep-

206 1496 288 1530 timo
308 1496 363 1530 die
382 1509 465 1531 vero
484 1496 611 1531 mensis
630 1496 717 1530 Maii
735 1496 970 1531 decimasexta
986 1504 994 1531 l
1012 1496 1051 1530 In
1079 1496 1145 1530 mei
1173 1495 1297 1529 notarii
1321 1495 1448 1541 publici
1468 1501 1503 1529 et
1523 1494 1662 1529 testium

208 1556 477 1603 subscriptorum
496 1557 672 1604 presentia
689 1557 918 1603 personaliter
932 1556 1078 1590 accessit
1096 1555 1265 1590 discretus
1280 1555 1332 1589 vir
1350 1555 1514 1601 magister
1534 1555 1662 1589 Nicho-

208 1617 281 1651 laus
302 1617 562 1664 Withirspovne
581 1617 729 1651 vicarius
748 1617 791 1651 de
812 1616 1055 1652 Strathtavane
1075 1615 1117 1650 ad
1135 1623 1245 1650 terras
1273 1615 1482 1662 subscriptas
1505 1615 1663 1661 jacentes

208 1677 242 1710 in
262 1677 437 1711 territorio
456 1677 558 1724 burgi
577 1677 619 1711 de
641 1677 883 1723 Rutherglene
899 1685 908 1712 l
926 1675 1087 1723 Inprimis
1105 1676 1148 1710 ad
1167 1688 1268 1710 vnam
1295 1675 1403 1721 rigam
1430 1681 1523 1710 terre
1547 1675 1663 1722 jacen—

209 1743 277 1771 tem
305 1737 339 1771 in
368 1737 445 1771 Eist
472 1737 677 1771 Wardlahill
708 1737 799 1772 inter
829 1744 940 1771 terras
973 1736 1113 1771 Patrieii
1142 1736 1344 1783 W⁷odderop
1371 1748 1416 1770 ex
1443 1736 1601 1770 orientali
1629 1743 1664 1770 et

209 1804 318 1832 terras
348 1797 513 1844 Stephani
542 1797 682 1832 Riddell
710 1810 755 1831 ex
782 1797 987 1832 occidentali
1004 1805 1012 1832 Ι
1031 1797 1117 1831 Item
1137 1797 1178 1830 ad
1198 1809 1299 1831 vnam
1317 1796 1416 1831 aliam
1442 1796 1550 1843 rigam
1569 1802 1662 1831 terre

206 1858 378 1903 jacentem
398 1858 432 1891 in
451 1857 572 1892 eadem
587 1857 696 1892 crofta
716 1857 807 1892 inter
825 1863 936 1892 terras
951 1857 1122 1904 quondam
1143 1857 1309 1891 Willelmi
1330 1856 1425 1891 Watt
1443 1869 1488 1891 ex
1506 1857 1664 1891 orientali

210 1924 245 1952 et
263 1924 372 1952 terras
390 1918 411 1953 J
416 1917 559 1952 ohannis
578 1917 647 1952 Bar
662 1930 706 1952 ex
725 1918 930 1952 occidentali
947 1926 955 1954 Ι
972 1918 1061 1952 Item
1080 1917 1122 1952 ad
1140 1929 1241 1952 vnam
1259 1917 1368 1964 rigam
1383 1923 1475 1952 terre
1490 1918 1664 1964 jacentem

210 1978 244 2012 in
263 1978 383 2012 eadem
403 1978 511 2012 crofta
536 1978 626 2012 inter
653 1985 763 2013 terras
792 1978 887 2013 Petri
907 1978 1003 2012 Watt
1021 1990 1067 2012 ex
1085 1978 1244 2013 orientali
1266 1985 1302 2012 et
1319 1984 1430 2012 terras
1459 1978 1574 2013 Sancti
1602 1977 1663 2012 Ni-

211 2037 320 2072 eholai
345 2051 389 2072 ex
414 2038 619 2073 occidentali
636 2046 644 2074 l
661 2039 749 2073 Item
776 2039 820 2073 ad
845 2039 930 2073 duas
956 2038 1049 2085 rigas
1068 2045 1160 2073 terre
1185 2038 1341 2085 jacentes
1367 2038 1401 2072 in
1422 2038 1523 2073 West
1544 2038 1664 2073 Ward-

210 2097 304 2131 lahill
330 2098 421 2132 inter
443 2104 553 2133 terras
578 2098 697 2133 Dauid
727 2099 916 2134 Robesoun
941 2105 976 2134 et
1000 2111 1092 2133 nune
1118 2099 1265 2134 Roberti
1292 2099 1501 2134 Robesoune
1529 2099 1581 2133 sui
1604 2099 1664 2134 filii

213 2170 257 2192 ex
275 2157 433 2192 orientali
452 2164 487 2192 et
509 2159 714 2193 occidentali
740 2159 895 2206 partibus
911 2166 920 2195 Ι
936 2159 1024 2194 Item
1043 2159 1086 2193 ad
1112 2166 1184 2193 tres
1210 2159 1302 2206 rigas
1329 2166 1422 2194 terre
1446 2159 1602 2206 jacentes
1628 2159 1663 2193 in

212 2217 332 2252 eadem
361 2218 469 2252 crofta
496 2218 586 2253 inter
615 2225 725 2254 terras
751 2219 917 2254 Willelmi
947 2220 1064 2266 Brady
1091 2226 1228 2254 vocatas
1245 2228 1254 2256 l
1270 2219 1315 2254 lie
1345 2219 1497 2266 Tempill
1523 2220 1578 2266 rig
1594 2229 1602 2256 l
1619 2233 1664 2254 ex

214 2277 371 2312 orientali
392 2285 427 2312 et
444 2285 554 2313 terras
573 2278 708 2314 Thome
729 2279 811 2314 Hall
835 2292 879 2314 ex
900 2280 1104 2314 occidentali
1132 2286 1228 2326 parte
1245 2289 1254 2315 Ι
1271 2280 1357 2315 Item
1377 2280 1418 2314 ad
1437 2293 1536 2314 vnam
1556 2280 1662 2326 rigam
