1922 2764
243 250 288 281 52
572 246 727 280 LIBER
753 245 1000 281 ECCLESIE
1030 243 1371 281 COLLEGIATE

244 370 389 436 ITEM
420 400 564 436 VOLO
594 407 632 436 vt
658 401 741 436 fiant
767 401 915 448 exequie
942 400 1117 435 annuatim
1143 399 1262 433 vltimo
1288 398 1344 432 die
1371 397 1499 432 mensis
1524 397 1609 432 Maii
1636 410 1698 444 pro

244 461 356 495 anima
373 461 542 508 quondam
561 461 689 497 Jonete
717 461 845 507 Lundy
865 461 981 495 matris
1006 473 1083 495 mee
1102 472 1177 494 cum
1200 463 1305 493 cantu
1320 467 1329 494 Ι
1345 471 1411 504 que
1431 457 1516 492 obiit
1533 458 1589 492 die
1608 457 1699 492 deci-

244 523 407 556 matercia
433 521 560 556 mensis
587 521 683 557 Junii
712 534 803 556 anno
830 521 974 555 Domini
1001 519 1182 554 millesimo
1211 518 1490 565 quingentesimo
1517 518 1699 564 vigesimo-

244 594 335 616 nono
356 581 481 617 [modo
507 581 699 628 prescripto
720 589 728 617 l
747 581 802 615 Ac
826 581 918 615 omni
945 581 1000 615 die
1028 579 1306 626 vigesimaprima
1331 578 1458 613 mensis
1487 578 1700 625 Septembris

244 642 418 676 annuatim
436 642 519 676 fiant
537 642 684 688 exequie
703 654 765 688 pro
783 641 895 676 anima
912 640 1083 688 quondam
1107 639 1262 687 magistri
1284 639 1433 686 Georgii
1451 639 1700 686 Montgomery

244 702 389 736 rectoris
420 702 462 736 de
494 702 668 748 Eglissem
698 714 737 736 ac
768 701 923 736 canonici
954 700 1184 747 Glasguensis
1215 699 1274 746 qui
1304 699 1389 734 obiit
1419 699 1550 734 eisdem
1580 699 1636 734 die
1665 705 1701 733 et

243 775 333 797 anno
350 771 358 798 l
375 763 463 797 Item
482 762 638 797 similiter
657 762 735 796 volo
754 762 846 808 quod
864 762 947 796 fiant
962 761 1110 808 exequie
1129 760 1304 795 annuatim
1322 773 1385 807 pro
1403 760 1515 794 anima
1529 760 1698 807 quondam

243 823 398 869 magistri
420 823 498 857 Ade
520 823 747 869 Colquhoune
775 822 919 857 rectoris
944 822 987 856 de
1017 821 1123 856 Stobo
1145 821 1203 867 qui
1227 820 1312 855 obiit
1338 820 1482 867 septima
1499 820 1555 855 die
1573 820 1701 855 mensis

243 883 424 918 Februarii
451 896 540 917 anno
568 883 711 917 Domini
737 882 917 917 millesimo
936 880 1214 928 quingentesimo
1239 880 1613 927 quadragesimoprimo
1629 888 1638 916 l
1655 880 1702 914 Et

243 943 387 989 quilibet
405 943 564 977 vndecim
590 942 898 989 prebendariorum
917 942 1009 977 dicte
1032 941 1179 976 ecclesie
1206 941 1241 975 in
1268 940 1413 988 singulis
1441 940 1597 987 exequiis
1624 953 1700 987 pre-

243 1003 343 1038 dictis
374 1003 514 1038 habebit
544 1003 725 1037 duodecim
757 1002 917 1037 denarios
952 1002 1000 1037 Et
1030 1001 1175 1048 quilibet
1206 1001 1309 1036 trium
1339 1014 1525 1048 puerorum
1555 1006 1700 1047 quatuor

243 1063 428 1099 denarios!
446 1063 493 1097 Et
513 1063 661 1098 Sacrista
688 1062 807 1096 Minor
832 1075 895 1109 pro
918 1062 1112 1109 pulsatione
1131 1074 1371 1108 campanarum
1396 1067 1432 1096 et
1456 1074 1521 1108 pro
1539 1073 1701 1108 coopera-

242 1123 336 1157 tione
356 1122 471 1158 tabule
490 1135 551 1169 pro
570 1122 788 1169 ymaginibus
808 1128 844 1157 et
861 1122 1014 1157 candelis
1034 1128 1069 1157 et
1087 1121 1199 1157 cereis
1217 1122 1378 1156 tenendis
1396 1122 1578 1156 duodecim
1597 1122 1700 1157 dena-

243 1183 312 1217 rios
340 1183 373 1216 in
403 1183 546 1229 singulis
574 1183 730 1229 exequiis
762 1183 810 1217 Et
838 1183 989 1230 pulsanti
1019 1195 1216 1229 campanam
1251 1182 1367 1217 Sancti
1399 1182 1607 1229 Kentigerni
1638 1195 1700 1229 per

243 1244 417 1278 ciuitatem
436 1249 514 1278 ante
534 1243 721 1290 quamlibet
739 1243 962 1290 exequiarum
981 1242 1215 1290 predictarum
1230 1248 1265 1276 et
1283 1242 1317 1276 in
1337 1241 1486 1277 crastino
1504 1255 1567 1289 per
1586 1242 1700 1277 villam

243 1305 277 1339 in
305 1304 450 1351 singulis
477 1305 634 1351 exequiis
652 1310 797 1350 quatuor
820 1304 980 1339 denarios
1002 1324 1008 1330 ·
1031 1303 1080 1338 Et
1105 1316 1167 1350 pro
1193 1302 1388 1337 huiusmodi
1412 1302 1551 1337 summis
1570 1303 1700 1337 eisdem

244 1364 419 1399 soluendis
438 1371 475 1399 vt
493 1377 595 1411 supra
612 1372 620 1400 1
636 1364 775 1410 assigno
793 1370 864 1399 tres
879 1377 974 1398 acras
992 1369 1086 1398 terre
1101 1363 1258 1410 jacentes
1276 1363 1311 1397 in
1331 1363 1439 1397 crofta
1458 1363 1567 1398 Beate
1586 1363 1700 1398 Marie

243 1425 334 1459 inter
352 1431 462 1459 terras
480 1425 671 1471 assignatas
698 1425 829 1459 decano
855 1424 983 1459 rectori
1009 1430 1044 1458 et
1069 1423 1205 1458 balliuis
1233 1423 1381 1458 ciuitatis
1403 1423 1633 1470 Glasguensis
1655 1436 1700 1458 ex

244 1484 449 1519 occidentali
467 1491 502 1518 et
519 1491 629 1518 terras
647 1497 739 1519 meas
758 1484 793 1518 in
812 1485 932 1519 eadem
951 1484 1060 1518 crofta
1077 1483 1316 1518 concludendo
1331 1489 1367 1518 et
1384 1483 1536 1518 finiendo
1555 1484 1699 1519 eandem

246 1557 290 1579 ex
309 1544 466 1579 orientali
484 1544 638 1591 partibus

249 1695 570 1773 QUIQUIDEM
605 1724 825 1771 prebendarii
861 1731 896 1760 et
928 1738 1046 1760 eorum
1078 1726 1223 1773 quilibet
1253 1739 1271 1761 a
1301 1733 1458 1773 tempore
1490 1727 1700 1762 fundationis

246 1785 434 1820 eorundem
453 1784 606 1832 quotidie
630 1785 665 1818 in
684 1790 786 1819 cantu
808 1785 1029 1832 Gregoriano
1048 1792 1084 1821 et
1102 1787 1259 1821 discantu
1286 1787 1473 1821 secundum
1500 1787 1592 1834 quod
1617 1793 1702 1822 tem-

245 1857 309 1891 pus
336 1844 447 1891 exigit
477 1844 703 1879 celebrabunt
733 1845 924 1880 Matutinas
952 1845 1071 1880 Altam
1102 1846 1246 1881 Missam
1278 1853 1314 1882 et
1340 1847 1518 1894 Vesperas
1547 1848 1641 1883 horis
1668 1855 1703 1883 et

245 1905 458 1952 temporibus
484 1905 610 1940 debitis
637 1911 674 1940 et
699 1905 873 1940 consuetis
905 1905 992 1940 sicut
1018 1907 1239 1953 prebendarii
1265 1907 1406 1941 aliarum
1431 1907 1702 1954 Collegiatarum

246 1964 480 1999 Ecclesiarum
499 1965 677 1999 celebrare
694 1971 881 2000 tenentur·
901 1965 1060 2001 Vlterius
1079 1979 1146 2014 ego
1166 1967 1343 2014 predictus
1370 1967 1534 2013 magister
1551 1968 1702 2004 Jacobus

247 2025 463 2059 subdecanus
481 2025 560 2059 volo
578 2025 750 2060 constituo
769 2031 804 2060 et
822 2025 944 2061 ordino
962 2027 1055 2073 quod
1073 2039 1192 2062 omnes
1215 2027 1402 2074 supradicti
1427 2028 1649 2074 prebendarii
1668 2035 1704 2063 et

248 2096 366 2118 eorum
393 2097 610 2120 successores
636 2086 848 2120 tenebuntur
875 2087 965 2133 apud
983 2087 1111 2122 dictum
1132 2087 1327 2135 Collegium
1354 2088 1570 2135 personalem
1588 2089 1703 2124 facere

248 2144 468 2179 residentiam
486 2153 495 2180 l
512 2145 559 2179 Et
577 2146 735 2180 omnibus
753 2146 876 2193 diebus
893 2147 1027 2181 festinis
1046 2147 1240 2182 Dominicis
1259 2154 1294 2183 et
1306 2148 1483 2183 ferialibus
1502 2161 1541 2183 ac
1559 2161 1704 2183 comme-

247 2204 494 2238 morationibus
523 2205 713 2240 Matutinas
739 2207 921 2241 canonicas
942 2207 1060 2242 Altam
1087 2207 1230 2242 Missam
1251 2208 1428 2256 Vesperas
1452 2215 1487 2243 et
1507 2209 1704 2256 Completo-

248 2263 335 2297 rium
350 2263 391 2298 ad
406 2276 566 2310 magnum
583 2265 690 2300 altare
705 2272 740 2300 et
754 2266 788 2300 in
804 2267 909 2302 choro
923 2267 1077 2302 eiusdem
1093 2268 1240 2304 ecclesie
1257 2277 1266 2305 l
1282 2281 1320 2304 ac
1338 2275 1416 2316 post
1432 2269 1703 2316 Completorium
