<?xml version="1.0" encoding="UTF-8"?>
<!DOCTYPE html PUBLIC "-//W3C//DTD XHTML 1.0 Transitional//EN"
    "http://www.w3.org/TR/xhtml1/DTD/xhtml1-transitional.dtd">
<html xmlns="http://www.w3.org/1999/xhtml" xml:lang="en" lang="en">
 <head>
  <title>
</title>
<meta http-equiv="Content-Type" content="text/html;charset=utf-8" />
  <meta name='ocr-system' content='tesseract 3.04.00' />
  <meta name='ocr-capabilities' content='ocr_page ocr_carea ocr_par ocr_line ocrx_word'/>
</head>
<body>
  <div class='ocr_page' id='page_1' title='image "./libercollegiinos00mait/libercollegiinos00mait_0349.png"; bbox 0 0 1922 2764; ppageno 0'>
   <div class='ocr_carea' id='block_1_1' title="bbox 130 511 215 545">
    <p class='ocr_par' dir='ltr' id='par_1_1' title="bbox 130 511 215 545">
     <span class='ocr_line' id='line_1_1' title="bbox 130 511 215 545; baseline -0.012 0"><span class='ocrx_word' id='word_1_1' title='bbox 130 511 215 545; x_wconf 80' lang='lat' dir='ltr'>xiiii.</span> 
     </span>
    </p>
   </div>
   <div class='ocr_carea' id='block_1_2' title="bbox 698 155 1727 191">
    <p class='ocr_par' dir='ltr' id='par_1_2' title="bbox 698 155 1727 191">
     <span class='ocr_line' id='line_1_2' title="bbox 698 155 1727 191; baseline 0.001 -1"><span class='ocrx_word' id='word_1_2' title='bbox 698 155 874 191; x_wconf 90' lang='lat' dir='ltr'><strong>CARTE</strong></span> <span class='ocrx_word' id='word_1_3' title='bbox 905 155 1294 191; x_wconf 88' lang='lat' dir='ltr'>GLASGUENSES.</span> <span class='ocrx_word' id='word_1_4' title='bbox 1657 160 1727 191; x_wconf 76' lang='lat'>‘243</span> 
     </span>
    </p>
   </div>
   <div class='ocr_carea' id='block_1_3' title="bbox 268 324 1727 422">
    <p class='ocr_par' dir='ltr' id='par_1_3' title="bbox 268 324 1727 422">
     <span class='ocr_line' id='line_1_3' title="bbox 268 324 1727 373; baseline 0.001 -13"><span class='ocrx_word' id='word_1_5' title='bbox 268 325 487 373; x_wconf 89' lang='lat' dir='ltr'>Composicio</span> <span class='ocrx_word' id='word_1_6' title='bbox 515 338 618 373; x_wconf 87' lang='lat' dir='ltr'>super</span> <span class='ocrx_word' id='word_1_7' title='bbox 645 331 846 360; x_wconf 79' lang='lat' dir='ltr'>tenemento</span> <span class='ocrx_word' id='word_1_8' title='bbox 868 325 1032 360; x_wconf 86' lang='lat' dir='ltr'>Willelmi</span> <span class='ocrx_word' id='word_1_9' title='bbox 1063 324 1221 359; x_wconf 88' lang='lat' dir='ltr'>Nicholai</span> <span class='ocrx_word' id='word_1_10' title='bbox 1250 338 1295 359; x_wconf 87' lang='lat' dir='ltr'>ex</span> <span class='ocrx_word' id='word_1_11' title='bbox 1322 332 1420 372; x_wconf 81' lang='lat' dir='ltr'>parte</span> <span class='ocrx_word' id='word_1_12' title='bbox 1451 326 1572 361; x_wconf 85' lang='lat' dir='ltr'>boriali</span> <span class='ocrx_word' id='word_1_13' title='bbox 1591 326 1657 361; x_wconf 88' lang='lat' dir='ltr'>vici</span> <span class='ocrx_word' id='word_1_14' title='bbox 1684 327 1727 361; x_wconf 90' lang='lat' dir='ltr'>de</span> 
     </span>
     <span class='ocr_line' id='line_1_4' title="bbox 269 387 485 422; baseline 0 -1"><span class='ocrx_word' id='word_1_15' title='bbox 269 387 485 422; x_wconf 86' lang='lat' dir='ltr'>Ratownraw</span> 
     </span>
    </p>
   </div>
   <div class='ocr_carea' id='block_1_4' title="bbox 266 480 1731 2135">
    <p class='ocr_par' dir='ltr' id='par_1_4' title="bbox 266 480 1731 2135">
     <span class='ocr_line' id='line_1_5' title="bbox 267 480 1725 548; baseline 0.001 -2"><span class='ocrx_word' id='word_1_16' title='bbox 267 480 324 546; x_wconf 81' lang='grc' dir='ltr'>ΙΝ</span> <span class='ocrx_word' id='word_1_17' title='bbox 344 522 486 545; x_wconf 82' lang='lat' dir='ltr'>NOMINE</span> <span class='ocrx_word' id='word_1_18' title='bbox 507 510 650 545; x_wconf 83' lang='lat' dir='ltr'>Domini</span> <span class='ocrx_word' id='word_1_19' title='bbox 671 509 786 544; x_wconf 90' lang='lat' dir='ltr'>Amen</span> <span class='ocrx_word' id='word_1_20' title='bbox 809 531 815 536; x_wconf 91' lang='lat'><strong>·</strong></span> <span class='ocrx_word' id='word_1_21' title='bbox 840 510 946 545; x_wconf 91' lang='lat' dir='ltr'>Anno</span> <span class='ocrx_word' id='word_1_22' title='bbox 973 523 993 545; x_wconf 85' lang='lat' dir='ltr'>a</span> <span class='ocrx_word' id='word_1_23' title='bbox 1018 511 1198 546; x_wconf 83' lang='lat' dir='ltr'>natiuitate</span> <span class='ocrx_word' id='word_1_24' title='bbox 1226 511 1379 546; x_wconf 89' lang='lat' dir='ltr'>eiusdem</span> <span class='ocrx_word' id='word_1_25' title='bbox 1400 513 1580 547; x_wconf 88' lang='lat' dir='ltr'>millesimo</span> <span class='ocrx_word' id='word_1_26' title='bbox 1608 526 1696 548; x_wconf 80' lang='lat' dir='ltr'>cccc</span> <span class='ocrx_word' id='word_1_27' title='bbox 1720 536 1725 540; x_wconf 98' lang='lat'>-</span> 
     </span>
     <span class='ocr_line' id='line_1_6' title="bbox 268 570 1726 621; baseline 0.001 -15"><span class='ocrx_word' id='word_1_28' title='bbox 268 584 339 606; x_wconf 84' lang='lat' dir='ltr'>xxv</span> <span class='ocrx_word' id='word_1_29' title='bbox 362 592 367 598; x_wconf 93' lang='lat'>·</span> <span class='ocrx_word' id='word_1_30' title='bbox 389 571 518 606; x_wconf 85' lang='lat' dir='ltr'>mensis</span> <span class='ocrx_word' id='word_1_31' title='bbox 541 571 671 618; x_wconf 86' lang='lat' dir='ltr'>Aprilis</span> <span class='ocrx_word' id='word_1_32' title='bbox 690 571 746 605; x_wconf 85' lang='lat' dir='ltr'>die</span> <span class='ocrx_word' id='word_1_33' title='bbox 765 570 837 617; x_wconf 80' lang='lat' dir='ltr'>xiiij</span> <span class='ocrx_word' id='word_1_34' title='bbox 862 591 867 597; x_wconf 94' lang='lat'>·</span> <span class='ocrx_word' id='word_1_35' title='bbox 892 571 931 605; x_wconf 92' lang='lat' dir='ltr'>In</span> <span class='ocrx_word' id='word_1_36' title='bbox 951 571 1019 606; x_wconf 89' lang='lat' dir='ltr'>mei</span> <span class='ocrx_word' id='word_1_37' title='bbox 1037 572 1160 619; x_wconf 86' lang='lat' dir='ltr'>notarij</span> <span class='ocrx_word' id='word_1_38' title='bbox 1189 572 1316 619; x_wconf 85' lang='lat' dir='ltr'>publici</span> <span class='ocrx_word' id='word_1_39' title='bbox 1345 579 1380 607; x_wconf 85' lang='lat' dir='ltr'>et</span> <span class='ocrx_word' id='word_1_40' title='bbox 1397 573 1536 608; x_wconf 83' lang='lat' dir='ltr'>testium</span> <span class='ocrx_word' id='word_1_41' title='bbox 1556 574 1726 621; x_wconf 83' lang='lat' dir='ltr'>subscrip-</span> 
     </span>
     <span class='ocr_line' id='line_1_7' title="bbox 266 631 1725 681; baseline 0.001 -14"><span class='ocrx_word' id='word_1_42' title='bbox 266 640 379 667; x_wconf 86' lang='lat' dir='ltr'>torum</span> <span class='ocrx_word' id='word_1_43' title='bbox 405 632 586 679; x_wconf 83' lang='lat' dir='ltr'>presencia</span> <span class='ocrx_word' id='word_1_44' title='bbox 610 653 616 658; x_wconf 93' lang='lat'>·</span> <span class='ocrx_word' id='word_1_45' title='bbox 639 631 885 666; x_wconf 84' lang='lat' dir='ltr'>concordatum</span> <span class='ocrx_word' id='word_1_46' title='bbox 906 631 971 666; x_wconf 90' lang='lat' dir='ltr'>fuit</span> <span class='ocrx_word' id='word_1_47' title='bbox 1001 632 1093 667; x_wconf 88' lang='lat' dir='ltr'>inter</span> <span class='ocrx_word' id='word_1_48' title='bbox 1111 633 1346 668; x_wconf 85' lang='lat' dir='ltr'>venerabilem</span> <span class='ocrx_word' id='word_1_49' title='bbox 1378 639 1414 668; x_wconf 91' lang='lat' dir='ltr'>et</span> <span class='ocrx_word' id='word_1_50' title='bbox 1440 634 1725 681; x_wconf 85' lang='lat' dir='ltr'>circumspectum</span> 
     </span>
     <span class='ocr_line' id='line_1_8' title="bbox 266 693 1725 742; baseline 0.002 -14"><span class='ocrx_word' id='word_1_51' title='bbox 266 694 376 728; x_wconf 87' lang='lat' dir='ltr'>virum</span> <span class='ocrx_word' id='word_1_52' title='bbox 399 714 405 721; x_wconf 92' lang='lat'><strong>·</strong></span> <span class='ocrx_word' id='word_1_53' title='bbox 428 693 626 740; x_wconf 84' lang='lat' dir='ltr'>magistrum</span> <span class='ocrx_word' id='word_1_54' title='bbox 642 693 836 729; x_wconf 74' lang='lat' dir='ltr'>,Iohannem</span> <span class='ocrx_word' id='word_1_55' title='bbox 853 693 1042 728; x_wconf 81' lang='lat' dir='ltr'>Senescalli</span> <span class='ocrx_word' id='word_1_56' title='bbox 1057 694 1290 729; x_wconf 82' lang='lat' dir='ltr'>subdecanum</span> <span class='ocrx_word' id='word_1_57' title='bbox 1304 696 1451 730; x_wconf 72' lang='lat' dir='ltr'>ecclesie</span> <span class='ocrx_word' id='word_1_58' title='bbox 1465 696 1697 742; x_wconf 81' lang='lat' dir='ltr'>Glasguensis</span> <span class='ocrx_word' id='word_1_59' title='bbox 1721 719 1725 724; x_wconf 90' lang='lat'>·</span> 
     </span>
     <span class='ocr_line' id='line_1_9' title="bbox 266 753 1726 802; baseline 0.002 -13"><span class='ocrx_word' id='word_1_60' title='bbox 266 761 301 789; x_wconf 86' lang='lat' dir='ltr'>et</span> <span class='ocrx_word' id='word_1_61' title='bbox 323 754 532 789; x_wconf 88' lang='lat' dir='ltr'>Willelmum</span> <span class='ocrx_word' id='word_1_62' title='bbox 554 753 714 788; x_wconf 84' lang='lat' dir='ltr'>Nicholai</span> <span class='ocrx_word' id='word_1_63' title='bbox 733 754 943 800; x_wconf 84' lang='lat' dir='ltr'>burgensem</span> <span class='ocrx_word' id='word_1_64' title='bbox 963 755 1064 800; x_wconf 79' lang='lat' dir='ltr'>burgi</span> <span class='ocrx_word' id='word_1_65' title='bbox 1083 755 1126 790; x_wconf 88' lang='lat' dir='ltr'>de</span> <span class='ocrx_word' id='word_1_66' title='bbox 1149 755 1284 802; x_wconf 77' lang='lat' dir='ltr'>Glasgu</span> <span class='ocrx_word' id='word_1_67' title='bbox 1312 769 1387 791; x_wconf 85' lang='lat' dir='ltr'>cum</span> <span class='ocrx_word' id='word_1_68' title='bbox 1408 769 1579 791; x_wconf 82' lang='lat' dir='ltr'>consensu</span> <span class='ocrx_word' id='word_1_69' title='bbox 1597 758 1726 793; x_wconf 82' lang='lat' dir='ltr'>Jonete</span> 
     </span>
     <span class='ocr_line' id='line_1_10' title="bbox 266 815 1725 865; baseline 0.003 -16"><span class='ocrx_word' id='word_1_70' title='bbox 266 815 384 850; x_wconf 87' lang='lat' dir='ltr'>vxoris</span> <span class='ocrx_word' id='word_1_71' title='bbox 414 815 521 862; x_wconf 88' lang='lat' dir='ltr'>ipsius</span> <span class='ocrx_word' id='word_1_72' title='bbox 550 815 715 849; x_wconf 80' lang='lat' dir='ltr'>Willelmi</span> <span class='ocrx_word' id='word_1_73' title='bbox 739 836 744 841; x_wconf 93' lang='lat'>·</span> <span class='ocrx_word' id='word_1_74' title='bbox 767 821 850 849; x_wconf 84' lang='lat' dir='ltr'>tunc</span> <span class='ocrx_word' id='word_1_75' title='bbox 876 816 1049 862; x_wconf 85' lang='lat' dir='ltr'>presentis</span> <span class='ocrx_word' id='word_1_76' title='bbox 1081 822 1117 850; x_wconf 82' lang='lat' dir='ltr'>et</span> <span class='ocrx_word' id='word_1_77' title='bbox 1143 818 1393 852; x_wconf 81' lang='lat' dir='ltr'>consentientis</span> <span class='ocrx_word' id='word_1_78' title='bbox 1417 839 1422 844; x_wconf 88' lang='lat'><em>-</em></span> <span class='ocrx_word' id='word_1_79' title='bbox 1446 831 1550 865; x_wconf 87' lang='lat' dir='ltr'>super</span> <span class='ocrx_word' id='word_1_80' title='bbox 1580 819 1725 865; x_wconf 82' lang='lat' dir='ltr'>quodam</span> 
     </span>
     <span class='ocr_line' id='line_1_11' title="bbox 266 875 1725 926; baseline 0.002 -15"><span class='ocrx_word' id='word_1_81' title='bbox 266 882 467 911; x_wconf 84' lang='lat' dir='ltr'>tenemento</span> <span class='ocrx_word' id='word_1_82' title='bbox 486 876 621 911; x_wconf 83' lang='lat' dir='ltr'>iacente</span> <span class='ocrx_word' id='word_1_83' title='bbox 637 876 670 910; x_wconf 89' lang='lat' dir='ltr'>in</span> <span class='ocrx_word' id='word_1_84' title='bbox 686 875 826 910; x_wconf 83' lang='lat' dir='ltr'>ciuitate</span> <span class='ocrx_word' id='word_1_85' title='bbox 846 888 907 910; x_wconf 88' lang='lat' dir='ltr'>seu</span> <span class='ocrx_word' id='word_1_86' title='bbox 926 876 960 910; x_wconf 92' lang='lat' dir='ltr'>in</span> <span class='ocrx_word' id='word_1_87' title='bbox 980 877 1072 911; x_wconf 88' lang='lat' dir='ltr'>dicto</span> <span class='ocrx_word' id='word_1_88' title='bbox 1090 878 1201 924; x_wconf 84' lang='lat' dir='ltr'>burgo</span> <span class='ocrx_word' id='word_1_89' title='bbox 1220 878 1263 912; x_wconf 90' lang='lat' dir='ltr'>de</span> <span class='ocrx_word' id='word_1_90' title='bbox 1282 878 1418 923; x_wconf 64' lang='lat' dir='ltr'>Glasgu</span> <span class='ocrx_word' id='word_1_91' title='bbox 1433 892 1477 913; x_wconf 81' lang='lat' dir='ltr'>ex</span> <span class='ocrx_word' id='word_1_92' title='bbox 1492 886 1589 926; x_wconf 85' lang='lat' dir='ltr'>parte</span> <span class='ocrx_word' id='word_1_93' title='bbox 1605 880 1725 914; x_wconf 81' lang='lat' dir='ltr'>boriali</span> 
     </span>
     <span class='ocr_line' id='line_1_12' title="bbox 267 936 1725 986; baseline 0.003 -16"><span class='ocrx_word' id='word_1_94' title='bbox 267 937 333 972; x_wconf 88' lang='lat' dir='ltr'>vici</span> <span class='ocrx_word' id='word_1_95' title='bbox 353 937 396 972; x_wconf 87' lang='lat' dir='ltr'>de</span> <span class='ocrx_word' id='word_1_96' title='bbox 414 937 630 972; x_wconf 85' lang='lat' dir='ltr'>Ratownraw</span> <span class='ocrx_word' id='word_1_97' title='bbox 653 957 659 962; x_wconf 89' lang='lat'><strong>·</strong></span> <span class='ocrx_word' id='word_1_98' title='bbox 681 936 773 971; x_wconf 87' lang='lat' dir='ltr'>inter</span> <span class='ocrx_word' id='word_1_99' title='bbox 792 942 918 971; x_wconf 81' lang='lat' dir='ltr'>terram</span> <span class='ocrx_word' id='word_1_100' title='bbox 939 937 1021 971; x_wconf 88' lang='lat' dir='ltr'>dicti</span> <span class='ocrx_word' id='word_1_101' title='bbox 1036 938 1163 972; x_wconf 88' lang='lat' dir='ltr'>domini</span> <span class='ocrx_word' id='word_1_102' title='bbox 1181 938 1375 973; x_wconf 82' lang='lat' dir='ltr'>Subdecani</span> <span class='ocrx_word' id='word_1_103' title='bbox 1391 952 1435 974; x_wconf 84' lang='lat' dir='ltr'>ex</span> <span class='ocrx_word' id='word_1_104' title='bbox 1453 947 1551 986; x_wconf 83' lang='lat' dir='ltr'>parte</span> <span class='ocrx_word' id='word_1_105' title='bbox 1567 940 1725 975; x_wconf 74' lang='lat' dir='ltr'>orientali</span> 
     </span>
     <span class='ocr_line' id='line_1_13' title="bbox 267 997 1727 1048; baseline 0.001 -15"><span class='ocrx_word' id='word_1_106' title='bbox 267 1005 303 1033; x_wconf 86' lang='lat' dir='ltr'>et</span> <span class='ocrx_word' id='word_1_107' title='bbox 320 1005 447 1033; x_wconf 86' lang='lat' dir='ltr'>terram</span> <span class='ocrx_word' id='word_1_108' title='bbox 467 998 621 1044; x_wconf 79' lang='lat' dir='ltr'>magistri</span> <span class='ocrx_word' id='word_1_109' title='bbox 642 997 779 1043; x_wconf 87' lang='lat' dir='ltr'>Patricij</span> <span class='ocrx_word' id='word_1_110' title='bbox 801 998 843 1032; x_wconf 92' lang='lat' dir='ltr'>de</span> <span class='ocrx_word' id='word_1_111' title='bbox 873 997 1089 1044; x_wconf 83' lang='lat' dir='ltr'>Howystoun</span> <span class='ocrx_word' id='word_1_112' title='bbox 1111 1011 1153 1033; x_wconf 80' lang='lat' dir='ltr'>ex</span> <span class='ocrx_word' id='word_1_113' title='bbox 1182 1005 1279 1045; x_wconf 85' lang='lat' dir='ltr'>parte</span> <span class='ocrx_word' id='word_1_114' title='bbox 1297 999 1503 1035; x_wconf 87' lang='lat' dir='ltr'>occidentali</span> <span class='ocrx_word' id='word_1_115' title='bbox 1521 1009 1529 1037; x_wconf 85' lang='lat' dir='ltr'>l</span> <span class='ocrx_word' id='word_1_116' title='bbox 1547 1001 1636 1047; x_wconf 84' lang='lat' dir='ltr'>quod</span> <span class='ocrx_word' id='word_1_117' title='bbox 1656 1002 1727 1048; x_wconf 88' lang='lat' dir='ltr'>qui-</span> 
     </span>
     <span class='ocr_line' id='line_1_14' title="bbox 268 1058 1727 1097; baseline 0.002 -3"><span class='ocrx_word' id='word_1_118' title='bbox 268 1059 344 1094; x_wconf 88' lang='lat' dir='ltr'>dem</span> <span class='ocrx_word' id='word_1_119' title='bbox 360 1065 597 1094; x_wconf 81' lang='lat' dir='ltr'>tenementum</span> <span class='ocrx_word' id='word_1_120' title='bbox 612 1058 724 1093; x_wconf 84' lang='lat' dir='ltr'>dictus</span> <span class='ocrx_word' id='word_1_121' title='bbox 743 1058 936 1093; x_wconf 88' lang='lat' dir='ltr'>Willelmus</span> <span class='ocrx_word' id='word_1_122' title='bbox 955 1059 1067 1093; x_wconf 83' lang='lat' dir='ltr'>tenuit</span> <span class='ocrx_word' id='word_1_123' title='bbox 1085 1060 1119 1093; x_wconf 90' lang='lat' dir='ltr'>in</span> <span class='ocrx_word' id='word_1_124' title='bbox 1138 1059 1240 1094; x_wconf 88' lang='lat' dir='ltr'>feodo</span> <span class='ocrx_word' id='word_1_125' title='bbox 1260 1067 1295 1095; x_wconf 91' lang='lat' dir='ltr'>et</span> <span class='ocrx_word' id='word_1_126' title='bbox 1312 1060 1506 1095; x_wconf 82' lang='lat' dir='ltr'>hereditate</span> <span class='ocrx_word' id='word_1_127' title='bbox 1529 1082 1535 1088; x_wconf 91' lang='lat'><strong>·</strong></span> <span class='ocrx_word' id='word_1_128' title='bbox 1559 1062 1727 1097; x_wconf 77' lang='lat' dir='ltr'>soluendo</span> 
     </span>
     <span class='ocr_line' id='line_1_15' title="bbox 268 1118 1728 1169; baseline 0.003 -16"><span class='ocrx_word' id='word_1_129' title='bbox 268 1120 348 1154; x_wconf 89' lang='lat' dir='ltr'>inde</span> <span class='ocrx_word' id='word_1_130' title='bbox 376 1120 550 1154; x_wconf 81' lang='lat' dir='ltr'>annuatim</span> <span class='ocrx_word' id='word_1_131' title='bbox 570 1119 663 1154; x_wconf 86' lang='lat' dir='ltr'>dicto</span> <span class='ocrx_word' id='word_1_132' title='bbox 684 1118 889 1153; x_wconf 85' lang='lat' dir='ltr'>Subdecano</span> <span class='ocrx_word' id='word_1_133' title='bbox 920 1119 1039 1153; x_wconf 82' lang='lat' dir='ltr'>decem</span> <span class='ocrx_word' id='word_1_134' title='bbox 1072 1120 1203 1154; x_wconf 77' lang='lat' dir='ltr'>solidos</span> <span class='ocrx_word' id='word_1_135' title='bbox 1236 1121 1338 1154; x_wconf 84' lang='lat' dir='ltr'>annui</span> <span class='ocrx_word' id='word_1_136' title='bbox 1371 1122 1527 1156; x_wconf 85' lang='lat' dir='ltr'>redditus</span> <span class='ocrx_word' id='word_1_137' title='bbox 1544 1131 1553 1159; x_wconf 82' lang='lat' dir='ltr'>l</span> <span class='ocrx_word' id='word_1_138' title='bbox 1569 1123 1625 1169; x_wconf 89' lang='lat' dir='ltr'>qui</span> <span class='ocrx_word' id='word_1_139' title='bbox 1645 1136 1728 1158; x_wconf 92' lang='lat' dir='ltr'>vero</span> 
     </span>
     <span class='ocr_line' id='line_1_16' title="bbox 269 1180 1729 1226; baseline 0.004 -13"><span class='ocrx_word' id='word_1_140' title='bbox 269 1193 402 1214; x_wconf 85' lang='lat' dir='ltr'>annuus</span> <span class='ocrx_word' id='word_1_141' title='bbox 422 1180 578 1214; x_wconf 86' lang='lat' dir='ltr'>redditus</span> <span class='ocrx_word' id='word_1_142' title='bbox 601 1201 606 1206; x_wconf 95' lang='lat'>·</span> <span class='ocrx_word' id='word_1_143' title='bbox 630 1185 732 1226; x_wconf 87' lang='lat' dir='ltr'>prout</span> <span class='ocrx_word' id='word_1_144' title='bbox 750 1180 848 1214; x_wconf 83' lang='lat' dir='ltr'>ambe</span> <span class='ocrx_word' id='word_1_145' title='bbox 868 1186 983 1226; x_wconf 86' lang='lat' dir='ltr'>partes</span> <span class='ocrx_word' id='word_1_146' title='bbox 1002 1186 1084 1214; x_wconf 81' lang='lat' dir='ltr'>tunc</span> <span class='ocrx_word' id='word_1_147' title='bbox 1102 1180 1299 1216; x_wconf 78' lang='lat' dir='ltr'>fatebantur</span> <span class='ocrx_word' id='word_1_148' title='bbox 1321 1203 1327 1208; x_wconf 92' lang='lat'>-</span> <span class='ocrx_word' id='word_1_149' title='bbox 1350 1195 1417 1216; x_wconf 88' lang='lat' dir='ltr'>non</span> <span class='ocrx_word' id='word_1_150' title='bbox 1436 1183 1501 1217; x_wconf 87' lang='lat' dir='ltr'>fuit</span> <span class='ocrx_word' id='word_1_151' title='bbox 1520 1184 1562 1218; x_wconf 91' lang='lat' dir='ltr'>de</span> <span class='ocrx_word' id='word_1_152' title='bbox 1582 1184 1729 1219; x_wconf 79' lang='lat' dir='ltr'>diuersis</span> 
     </span>
     <span class='ocr_line' id='line_1_17' title="bbox 268 1240 1728 1286; baseline 0.003 -12"><span class='ocrx_word' id='word_1_153' title='bbox 268 1241 424 1275; x_wconf 87' lang='lat' dir='ltr'>terminis</span> <span class='ocrx_word' id='word_1_154' title='bbox 442 1240 624 1275; x_wconf 78' lang='lat' dir='ltr'>retroactis</span> <span class='ocrx_word' id='word_1_155' title='bbox 643 1240 840 1286; x_wconf 87' lang='lat' dir='ltr'>persolutus</span> <span class='ocrx_word' id='word_1_156' title='bbox 862 1261 867 1266; x_wconf 94' lang='lat'>·</span> <span class='ocrx_word' id='word_1_157' title='bbox 891 1241 982 1274; x_wconf 84' lang='lat' dir='ltr'>vnde</span> <span class='ocrx_word' id='word_1_158' title='bbox 1001 1241 1113 1275; x_wconf 85' lang='lat' dir='ltr'>dictus</span> <span class='ocrx_word' id='word_1_159' title='bbox 1132 1242 1326 1276; x_wconf 70' lang='lat' dir='ltr'>Willelnms</span> <span class='ocrx_word' id='word_1_160' title='bbox 1345 1243 1471 1277; x_wconf 82' lang='lat' dir='ltr'>dictum</span> <span class='ocrx_word' id='word_1_161' title='bbox 1493 1250 1728 1279; x_wconf 81' lang='lat' dir='ltr'>tenementum</span> 
     </span>
     <span class='ocr_line' id='line_1_18' title="bbox 269 1301 1728 1349; baseline 0.003 -13"><span class='ocrx_word' id='word_1_162' title='bbox 269 1315 400 1336; x_wconf 87' lang='lat' dir='ltr'>sursum</span> <span class='ocrx_word' id='word_1_163' title='bbox 421 1302 572 1337; x_wconf 79' lang='lat' dir='ltr'>reddidit</span> <span class='ocrx_word' id='word_1_164' title='bbox 598 1314 682 1348; x_wconf 88' lang='lat' dir='ltr'>pure</span> <span class='ocrx_word' id='word_1_165' title='bbox 711 1308 745 1335; x_wconf 83' lang='lat' dir='ltr'>et</span> <span class='ocrx_word' id='word_1_166' title='bbox 772 1301 974 1348; x_wconf 84' lang='lat' dir='ltr'>simpliciter</span> <span class='ocrx_word' id='word_1_167' title='bbox 1000 1302 1194 1349; x_wconf 81' lang='lat' dir='ltr'>resignauit</span> <span class='ocrx_word' id='word_1_168' title='bbox 1220 1303 1312 1338; x_wconf 79' lang='lat' dir='ltr'>dicto</span> <span class='ocrx_word' id='word_1_169' title='bbox 1343 1304 1547 1339; x_wconf 86' lang='lat' dir='ltr'>Subdecano</span> <span class='ocrx_word' id='word_1_170' title='bbox 1570 1326 1576 1332; x_wconf 42' lang='grc' dir='ltr'><strong><em>ι</em></strong></span> <span class='ocrx_word' id='word_1_171' title='bbox 1602 1306 1728 1341; x_wconf 80' lang='lat' dir='ltr'>Reser—</span> 
     </span>
     <span class='ocr_line' id='line_1_19' title="bbox 267 1362 1726 1410; baseline 0.003 -13"><span class='ocrx_word' id='word_1_172' title='bbox 267 1363 363 1398; x_wconf 82' lang='lat' dir='ltr'>uauit</span> <span class='ocrx_word' id='word_1_173' title='bbox 381 1370 495 1398; x_wconf 87' lang='lat' dir='ltr'>tamen</span> <span class='ocrx_word' id='word_1_174' title='bbox 515 1363 627 1397; x_wconf 83' lang='lat' dir='ltr'>dictus</span> <span class='ocrx_word' id='word_1_175' title='bbox 648 1362 843 1397; x_wconf 69' lang='lat' dir='ltr'>W‘illelmus</span> <span class='ocrx_word' id='word_1_176' title='bbox 871 1362 934 1397; x_wconf 85' lang='lat' dir='ltr'>sibi</span> <span class='ocrx_word' id='word_1_177' title='bbox 963 1368 998 1397; x_wconf 90' lang='lat' dir='ltr'>et</span> <span class='ocrx_word' id='word_1_178' title='bbox 1028 1363 1162 1410; x_wconf 81' lang='lat' dir='ltr'>prefate</span> <span class='ocrx_word' id='word_1_179' title='bbox 1181 1364 1309 1399; x_wconf 85' lang='lat' dir='ltr'>Jonete.</span> <span class='ocrx_word' id='word_1_180' title='bbox 1330 1365 1429 1399; x_wconf 82' lang='lat' dir='ltr'>vxori</span> <span class='ocrx_word' id='word_1_181' title='bbox 1449 1378 1509 1400; x_wconf 88' lang='lat' dir='ltr'>sue</span> <span class='ocrx_word' id='word_1_182' title='bbox 1542 1372 1578 1400; x_wconf 87' lang='lat' dir='ltr'>et</span> <span class='ocrx_word' id='word_1_183' title='bbox 1610 1380 1726 1402; x_wconf 87' lang='lat' dir='ltr'>eorum</span> 
     </span>
     <span class='ocr_line' id='line_1_20' title="bbox 267 1423 1728 1472; baseline 0.003 -14"><span class='ocrx_word' id='word_1_184' title='bbox 267 1425 400 1459; x_wconf 87' lang='lat' dir='ltr'>diucius</span> <span class='ocrx_word' id='word_1_185' title='bbox 421 1424 551 1459; x_wconf 87' lang='lat' dir='ltr'>viuenti</span> <span class='ocrx_word' id='word_1_186' title='bbox 576 1424 777 1458; x_wconf 84' lang='lat' dir='ltr'>interiorem</span> <span class='ocrx_word' id='word_1_187' title='bbox 797 1429 909 1458; x_wconf 82' lang='lat' dir='ltr'>ortum</span> <span class='ocrx_word' id='word_1_188' title='bbox 928 1423 1010 1458; x_wconf 82' lang='lat' dir='ltr'>dicti</span> <span class='ocrx_word' id='word_1_189' title='bbox 1040 1425 1231 1459; x_wconf 86' lang='lat' dir='ltr'>tenementi</span> <span class='ocrx_word' id='word_1_190' title='bbox 1251 1438 1326 1459; x_wconf 88' lang='lat' dir='ltr'>cum</span> <span class='ocrx_word' id='word_1_191' title='bbox 1358 1432 1464 1472; x_wconf 83' lang='lat' dir='ltr'>puteo</span> <span class='ocrx_word' id='word_1_192' title='bbox 1495 1427 1674 1462; x_wconf 82' lang='lat' dir='ltr'>arboribus</span> <span class='ocrx_word' id='word_1_193' title='bbox 1694 1436 1728 1463; x_wconf 78' lang='lat' dir='ltr'>et</span> 
     </span>
     <span class='ocr_line' id='line_1_21' title="bbox 267 1484 1730 1531; baseline 0.003 -13"><span class='ocrx_word' id='word_1_194' title='bbox 267 1484 342 1530; x_wconf 83' lang='lat' dir='ltr'>alijs</span> <span class='ocrx_word' id='word_1_195' title='bbox 372 1484 594 1531; x_wconf 84' lang='lat' dir='ltr'>pertinentijs</span> <span class='ocrx_word' id='word_1_196' title='bbox 621 1484 690 1518; x_wconf 85' lang='lat' dir='ltr'>suis</span> <span class='ocrx_word' id='word_1_197' title='bbox 721 1496 784 1530; x_wconf 85' lang='lat' dir='ltr'>pro</span> <span class='ocrx_word' id='word_1_198' title='bbox 815 1490 971 1530; x_wconf 88' lang='lat' dir='ltr'>tempore</span> <span class='ocrx_word' id='word_1_199' title='bbox 990 1484 1061 1519; x_wconf 89' lang='lat' dir='ltr'>vite</span> <span class='ocrx_word' id='word_1_200' title='bbox 1081 1497 1199 1519; x_wconf 87' lang='lat' dir='ltr'>eorum</span> <span class='ocrx_word' id='word_1_201' title='bbox 1230 1485 1339 1520; x_wconf 88' lang='lat' dir='ltr'>libere</span> <span class='ocrx_word' id='word_1_202' title='bbox 1371 1488 1617 1522; x_wconf 77' lang='lat' dir='ltr'>remanendum</span> <span class='ocrx_word' id='word_1_203' title='bbox 1640 1510 1645 1514; x_wconf 94' lang='lat'>-</span> <span class='ocrx_word' id='word_1_204' title='bbox 1672 1489 1730 1523; x_wconf 82' lang='lat' dir='ltr'>Ad</span> 
     </span>
     <span class='ocr_line' id='line_1_22' title="bbox 267 1544 1730 1594; baseline 0.003 -15"><span class='ocrx_word' id='word_1_205' title='bbox 267 1546 359 1592; x_wconf 85' lang='lat' dir='ltr'>quod</span> <span class='ocrx_word' id='word_1_206' title='bbox 386 1545 497 1580; x_wconf 87' lang='lat' dir='ltr'>dictus</span> <span class='ocrx_word' id='word_1_207' title='bbox 520 1544 745 1580; x_wconf 84' lang='lat' dir='ltr'>Subdecanus</span> <span class='ocrx_word' id='word_1_208' title='bbox 772 1557 939 1591; x_wconf 84' lang='lat' dir='ltr'>expresse</span> <span class='ocrx_word' id='word_1_209' title='bbox 959 1546 1136 1580; x_wconf 86' lang='lat' dir='ltr'>consensit</span> <span class='ocrx_word' id='word_1_210' title='bbox 1153 1554 1162 1582; x_wconf 83' lang='lat' dir='ltr'>l</span> <span class='ocrx_word' id='word_1_211' title='bbox 1179 1546 1227 1581; x_wconf 88' lang='lat' dir='ltr'>sic</span> <span class='ocrx_word' id='word_1_212' title='bbox 1245 1547 1336 1593; x_wconf 88' lang='lat' dir='ltr'>quod</span> <span class='ocrx_word' id='word_1_213' title='bbox 1363 1554 1435 1594; x_wconf 67' lang='lat' dir='ltr'>posi</span> <span class='ocrx_word' id='word_1_214' title='bbox 1460 1554 1603 1583; x_wconf 84' lang='lat' dir='ltr'>mortem</span> <span class='ocrx_word' id='word_1_215' title='bbox 1623 1549 1730 1584; x_wconf 72' lang='lat' dir='ltr'>dicto-</span> 
     </span>
     <span class='ocr_line' id='line_1_23' title="bbox 267 1605 1731 1653; baseline 0.003 -13"><span class='ocrx_word' id='word_1_216' title='bbox 267 1619 340 1640; x_wconf 85' lang='lat' dir='ltr'>rum</span> <span class='ocrx_word' id='word_1_217' title='bbox 363 1606 529 1641; x_wconf 87' lang='lat' dir='ltr'>Willelmi</span> <span class='ocrx_word' id='word_1_218' title='bbox 548 1612 584 1640; x_wconf 80' lang='lat' dir='ltr'>et</span> <span class='ocrx_word' id='word_1_219' title='bbox 600 1606 728 1642; x_wconf 88' lang='lat' dir='ltr'>Jonete</span> <span class='ocrx_word' id='word_1_220' title='bbox 748 1605 860 1640; x_wconf 86' lang='lat' dir='ltr'>dictus</span> <span class='ocrx_word' id='word_1_221' title='bbox 880 1612 976 1640; x_wconf 81' lang='lat' dir='ltr'>ortus</span> <span class='ocrx_word' id='word_1_222' title='bbox 996 1618 1071 1640; x_wconf 90' lang='lat' dir='ltr'>cum</span> <span class='ocrx_word' id='word_1_223' title='bbox 1090 1607 1318 1653; x_wconf 84' lang='lat' dir='ltr'>pertinenciis</span> <span class='ocrx_word' id='word_1_224' title='bbox 1337 1609 1379 1642; x_wconf 86' lang='lat' dir='ltr'>ad</span> <span class='ocrx_word' id='word_1_225' title='bbox 1399 1608 1527 1643; x_wconf 87' lang='lat' dir='ltr'>dictum</span> <span class='ocrx_word' id='word_1_226' title='bbox 1557 1610 1731 1645; x_wconf 86' lang='lat' dir='ltr'>Subdeca-</span> 
     </span>
     <span class='ocr_line' id='line_1_24' title="bbox 268 1665 1728 1717; baseline 0.003 -17"><span class='ocrx_word' id='word_1_227' title='bbox 268 1679 348 1701; x_wconf 87' lang='lat' dir='ltr'>num</span> <span class='ocrx_word' id='word_1_228' title='bbox 367 1667 477 1701; x_wconf 89' lang='lat' dir='ltr'>libere</span> <span class='ocrx_word' id='word_1_229' title='bbox 495 1672 693 1701; x_wconf 86' lang='lat' dir='ltr'>reuertatur</span> <span class='ocrx_word' id='word_1_230' title='bbox 715 1686 721 1692; x_wconf 90' lang='lat'><strong>·</strong></span> <span class='ocrx_word' id='word_1_231' title='bbox 747 1665 838 1700; x_wconf 87' lang='lat' dir='ltr'>Acta</span> <span class='ocrx_word' id='word_1_232' title='bbox 856 1665 997 1700; x_wconf 83' lang='lat' dir='ltr'>fuerunt</span> <span class='ocrx_word' id='word_1_233' title='bbox 1014 1666 1079 1701; x_wconf 88' lang='lat' dir='ltr'>hec</span> <span class='ocrx_word' id='word_1_234' title='bbox 1097 1666 1132 1701; x_wconf 91' lang='lat' dir='ltr'>in</span> <span class='ocrx_word' id='word_1_235' title='bbox 1152 1667 1243 1702; x_wconf 87' lang='lat' dir='ltr'>dicta</span> <span class='ocrx_word' id='word_1_236' title='bbox 1261 1667 1400 1703; x_wconf 81' lang='lat' dir='ltr'>ciuitate</span> <span class='ocrx_word' id='word_1_237' title='bbox 1421 1668 1634 1716; x_wconf 84' lang='lat' dir='ltr'>Glasguensi</span> <span class='ocrx_word' id='word_1_238' title='bbox 1652 1683 1728 1717; x_wconf 89' lang='lat' dir='ltr'>pre-</span> 
     </span>
     <span class='ocr_line' id='line_1_25' title="bbox 270 1726 1729 1774; baseline 0.003 -14"><span class='ocrx_word' id='word_1_239' title='bbox 270 1728 426 1761; x_wconf 85' lang='lat' dir='ltr'>sentibus</span> <span class='ocrx_word' id='word_1_240' title='bbox 458 1726 715 1761; x_wconf 80' lang='lat' dir='ltr'>venerabilibus</span> <span class='ocrx_word' id='word_1_241' title='bbox 747 1732 783 1760; x_wconf 82' lang='lat' dir='ltr'>et</span> <span class='ocrx_word' id='word_1_242' title='bbox 813 1726 974 1761; x_wconf 79' lang='lat' dir='ltr'>discretis</span> <span class='ocrx_word' id='word_1_243' title='bbox 1005 1726 1088 1761; x_wconf 88' lang='lat' dir='ltr'>viris</span> <span class='ocrx_word' id='word_1_244' title='bbox 1118 1728 1283 1774; x_wconf 84' lang='lat' dir='ltr'>magistro</span> <span class='ocrx_word' id='word_1_245' title='bbox 1316 1728 1491 1763; x_wconf 90' lang='lat' dir='ltr'>Willelmo</span> <span class='ocrx_word' id='word_1_246' title='bbox 1522 1729 1565 1764; x_wconf 92' lang='lat' dir='ltr'>de</span> <span class='ocrx_word' id='word_1_247' title='bbox 1596 1729 1729 1765; x_wconf 88' lang='lat' dir='ltr'>Gowan</span> 
     </span>
     <span class='ocr_line' id='line_1_26' title="bbox 271 1786 1728 1835; baseline 0.003 -14"><span class='ocrx_word' id='word_1_248' title='bbox 271 1787 435 1821; x_wconf 81' lang='lat' dir='ltr'>canonico</span> <span class='ocrx_word' id='word_1_249' title='bbox 469 1786 872 1833; x_wconf 84' lang='lat' dir='ltr'>Glasguensildominis</span> <span class='ocrx_word' id='word_1_250' title='bbox 902 1786 1062 1822; x_wconf 84' lang='lat' dir='ltr'>Johanne</span> <span class='ocrx_word' id='word_1_251' title='bbox 1094 1788 1137 1822; x_wconf 90' lang='lat' dir='ltr'>de</span> <span class='ocrx_word' id='word_1_252' title='bbox 1169 1788 1317 1835; x_wconf 85' lang='lat' dir='ltr'>Dalgles</span> <span class='ocrx_word' id='word_1_253' title='bbox 1348 1789 1475 1824; x_wconf 87' lang='lat' dir='ltr'>vicario</span> <span class='ocrx_word' id='word_1_254' title='bbox 1506 1790 1654 1826; x_wconf 87' lang='lat' dir='ltr'>ecclesie</span> <span class='ocrx_word' id='word_1_255' title='bbox 1685 1791 1728 1826; x_wconf 91' lang='lat' dir='ltr'>de</span> 
     </span>
     <span class='ocr_line' id='line_1_27' title="bbox 272 1847 1727 1894; baseline 0.003 -12"><span class='ocrx_word' id='word_1_256' title='bbox 272 1848 458 1894; x_wconf 86' lang='lat' dir='ltr'>Dregarne</span> <span class='ocrx_word' id='word_1_257' title='bbox 496 1847 656 1884; x_wconf 86' lang='lat' dir='ltr'>Johanne</span> <span class='ocrx_word' id='word_1_258' title='bbox 678 1847 868 1882; x_wconf 89' lang='lat' dir='ltr'>Proctoure</span> <span class='ocrx_word' id='word_1_259' title='bbox 886 1848 1081 1894; x_wconf 86' lang='lat' dir='ltr'>presbitero</span> <span class='ocrx_word' id='word_1_260' title='bbox 1103 1869 1109 1875; x_wconf 90' lang='lat'><strong>·</strong></span> <span class='ocrx_word' id='word_1_261' title='bbox 1131 1849 1291 1884; x_wconf 88' lang='lat' dir='ltr'>Johanne</span> <span class='ocrx_word' id='word_1_262' title='bbox 1306 1850 1349 1884; x_wconf 89' lang='lat' dir='ltr'>de</span> <span class='ocrx_word' id='word_1_263' title='bbox 1366 1850 1531 1885; x_wconf 88' lang='lat' dir='ltr'>Neutoun</span> <span class='ocrx_word' id='word_1_264' title='bbox 1548 1851 1676 1886; x_wconf 86' lang='lat' dir='ltr'>vicario</span> <span class='ocrx_word' id='word_1_265' title='bbox 1694 1853 1727 1887; x_wconf 92' lang='lat' dir='ltr'>in</span> 
     </span>
     <span class='ocr_line' id='line_1_28' title="bbox 272 1907 1729 1954; baseline 0.005 -13"><span class='ocrx_word' id='word_1_266' title='bbox 272 1908 376 1942; x_wconf 89' lang='lat' dir='ltr'>choro</span> <span class='ocrx_word' id='word_1_267' title='bbox 390 1907 602 1954; x_wconf 83' lang='lat' dir='ltr'>Glasguensi</span> <span class='ocrx_word' id='word_1_268' title='bbox 624 1927 631 1934; x_wconf 93' lang='lat'><strong>·</strong></span> <span class='ocrx_word' id='word_1_269' title='bbox 652 1907 812 1943; x_wconf 86' lang='lat' dir='ltr'>Johanne</span> <span class='ocrx_word' id='word_1_270' title='bbox 826 1907 1021 1954; x_wconf 81' lang='lat' dir='ltr'>VVyschard</span> <span class='ocrx_word' id='word_1_271' title='bbox 1035 1909 1163 1944; x_wconf 84' lang='lat' dir='ltr'>balliuo</span> <span class='ocrx_word' id='word_1_272' title='bbox 1196 1909 1352 1945; x_wconf 88' lang='lat' dir='ltr'>Henrico</span> <span class='ocrx_word' id='word_1_273' title='bbox 1367 1910 1551 1946; x_wconf 84' lang='lat' dir='ltr'>Michaelis</span> <span class='ocrx_word' id='word_1_274' title='bbox 1583 1913 1729 1948; x_wconf 87' lang='lat' dir='ltr'>Andrea</span> 
     </span>
     <span class='ocr_line' id='line_1_29' title="bbox 273 1968 1729 2021; baseline 0.005 -19"><span class='ocrx_word' id='word_1_275' title='bbox 273 1968 398 2002; x_wconf 90' lang='lat' dir='ltr'>Brown</span> <span class='ocrx_word' id='word_1_276' title='bbox 418 1974 453 2002; x_wconf 88' lang='lat' dir='ltr'>et</span> <span class='ocrx_word' id='word_1_277' title='bbox 472 1968 642 2003; x_wconf 86' lang='lat' dir='ltr'>Nicholao</span> <span class='ocrx_word' id='word_1_278' title='bbox 663 1968 767 2014; x_wconf 87' lang='lat' dir='ltr'>Bully</span> <span class='ocrx_word' id='word_1_279' title='bbox 784 1968 1018 2015; x_wconf 85' lang='lat' dir='ltr'>burgensibus</span> <span class='ocrx_word' id='word_1_280' title='bbox 1037 1969 1119 2004; x_wconf 79' lang='lat' dir='ltr'>dicti</span> <span class='ocrx_word' id='word_1_281' title='bbox 1138 1970 1239 2017; x_wconf 86' lang='lat' dir='ltr'>burgi</span> <span class='ocrx_word' id='word_1_282' title='bbox 1258 1971 1301 2005; x_wconf 90' lang='lat' dir='ltr'>de</span> <span class='ocrx_word' id='word_1_283' title='bbox 1324 1971 1461 2019; x_wconf 84' lang='lat' dir='ltr'>Glasgu</span> <span class='ocrx_word' id='word_1_284' title='bbox 1479 1985 1554 2008; x_wconf 90' lang='lat' dir='ltr'>cum</span> <span class='ocrx_word' id='word_1_285' title='bbox 1573 1973 1729 2021; x_wconf 92' lang='lat' dir='ltr'>pluribus</span> 
     </span>
     <span class='ocr_line' id='line_1_30' title="bbox 273 2028 1731 2081; baseline 0.005 -19"><span class='ocrx_word' id='word_1_286' title='bbox 273 2034 309 2062; x_wconf 89' lang='lat' dir='ltr'>et</span> <span class='ocrx_word' id='word_1_287' title='bbox 338 2028 485 2063; x_wconf 88' lang='lat' dir='ltr'>diuersis</span> <span class='ocrx_word' id='word_1_288' title='bbox 516 2028 592 2075; x_wconf 83' lang='lat' dir='ltr'>alijs</span> <span class='ocrx_word' id='word_1_289' title='bbox 622 2028 768 2063; x_wconf 79' lang='lat' dir='ltr'>testibus</span> <span class='ocrx_word' id='word_1_290' title='bbox 797 2049 802 2054; x_wconf 91' lang='lat'><em>·</em></span> <span class='ocrx_word' id='word_1_291' title='bbox 828 2028 989 2064; x_wconf 82' lang='lat' dir='ltr'>Johanne</span> <span class='ocrx_word' id='word_1_292' title='bbox 1020 2030 1064 2065; x_wconf 91' lang='lat' dir='ltr'>de</span> <span class='ocrx_word' id='word_1_293' title='bbox 1099 2030 1237 2078; x_wconf 82' lang='lat' dir='ltr'>Hawyk</span> <span class='ocrx_word' id='word_1_294' title='bbox 1271 2032 1466 2078; x_wconf 88' lang='lat' dir='ltr'>presbitero</span> <span class='ocrx_word' id='word_1_295' title='bbox 1500 2033 1731 2081; x_wconf 85' lang='lat' dir='ltr'>Glasguensis</span> 
     </span>
     <span class='ocr_line' id='line_1_31' title="bbox 274 2088 756 2135; baseline 0.002 -13"><span class='ocrx_word' id='word_1_296' title='bbox 274 2088 421 2123; x_wconf 87' lang='lat' dir='ltr'>diocesis</span> <span class='ocrx_word' id='word_1_297' title='bbox 440 2089 573 2124; x_wconf 86' lang='lat' dir='ltr'>notario</span> <span class='ocrx_word' id='word_1_298' title='bbox 591 2088 728 2135; x_wconf 89' lang='lat' dir='ltr'>publico</span> <span class='ocrx_word' id='word_1_299' title='bbox 751 2109 756 2114; x_wconf 92' lang='lat'>-</span> 
     </span>
    </p>
   </div>
  </div>
 </body>
</html>
