1922 2764
605 267 646 301 B.
678 267 724 301 V.
753 265 922 300 MARIE
951 265 1019 300 ET
1047 265 1081 300 S.
1112 266 1269 301 ANNE.
1623 270 1667 307 73

210 365 327 400 rabilis
346 364 410 398 viri
428 364 584 409 magistri
601 363 722 400 Jacobi
745 363 952 397 Houstoune
971 362 1164 408 resignauit
1191 362 1238 397 Et
1263 363 1328 398 hoc
1346 376 1408 409 pro
1427 370 1522 398 certa
1540 377 1669 398 summa

210 425 356 472 pecunie
384 425 484 459 dictis
510 424 662 460 Johanni
689 430 725 458 et
753 423 954 469 Margarete
985 435 1048 470 per
1078 423 1248 469 prefatum
1275 424 1476 469 magistrum
1502 424 1669 459 Jacobum

210 486 387 532 persoluta
402 494 410 521 Ι
429 485 509 526 Qua
527 484 762 531 resignatione
777 484 826 518 sic
838 484 928 518 faeta
942 483 1031 518 idem
1050 483 1198 517 balliuus
1213 483 1359 518 accessit
1373 484 1416 518 ad
1431 484 1557 518 dictum
1574 490 1669 518 tene-

210 551 362 580 mentum
382 551 418 579 et
436 545 563 579 ibidem
582 544 741 579 saisinam
767 543 1011 579 hereditariam
1030 543 1113 578 dicti
1139 543 1266 589 integri
1287 544 1475 579 tenementi
1495 557 1558 590 per
1576 551 1669 579 terre

210 612 246 641 et
269 605 392 652 lapidis
410 605 508 639 fundi
536 605 688 640 eiusdem
709 604 928 639 traditionem
956 604 1091 651 prefato
1109 604 1274 650 magistro
1301 604 1433 640 Jacobo
1462 604 1669 638 Houstoune

209 666 396 701 heredibus
424 665 493 700 suis
521 672 556 700 et
582 665 765 712 assignatis
790 665 997 699 deliberauit
1018 685 1024 691 ·
1050 664 1276 699 Presentibus
1302 664 1428 698 ibidem
1449 663 1596 698 dominis
1613 664 1670 699 Ja-

210 727 297 761 cobo
318 726 436 761 Schaw
455 732 490 760 et
510 726 666 760 Roberto
688 726 770 760 Hall
790 725 976 772 capellanis
1002 725 1164 761 ,Iohanne
1187 725 1353 759 Allasone
1371 724 1532 760 Johanne
1553 723 1670 758 Auch-

210 787 351 821 inroche
369 786 500 822 Jacobo
520 786 613 820 Bard
632 793 667 820 et
686 786 803 820 Dauid
823 786 1116 833 Withirspowvne
1139 806 1144 812 ·
1168 785 1236 820 ET
1261 785 1370 821 EGO
1391 784 1670 821 JOHANNES

212 846 298 881 Blak
318 846 439 881 artium
458 846 623 891 magister
641 847 826 893 presbyter
848 846 1078 892 Glasguensis
1099 846 1246 880 diocesis
1264 845 1423 892 publicus
1442 858 1538 880 sacra
1556 851 1670 879 aucto—

210 907 311 942 ritate
332 906 536 954 Apostolica
554 907 706 941 notarius
760 907 853 947 Quia
874 905 969 954 [eta]

210 1056 282 1121 IN
311 1085 403 1120 DEI
434 1085 644 1121 NOMINE
673 1085 788 1120 Amen
812 1106 818 1112 ·
842 1086 909 1120 Per
939 1086 1005 1121 hoc
1035 1087 1209 1133 publicum
1240 1087 1506 1121 instrumentum
1538 1085 1670 1120 cunetis

209 1152 326 1193 pateat
352 1146 442 1193 quod
469 1159 559 1180 anno
587 1146 832 1180 incarnationis
859 1146 1044 1181 Dominice
1070 1147 1252 1181 millesimo
1278 1146 1558 1193 quingentesimo
1575 1145 1670 1192 vige-

210 1206 295 1240 simo
312 1206 367 1240 die
395 1206 496 1240 Lune
524 1206 715 1253 penultima
732 1206 859 1240 mensis
877 1206 960 1242 Julii
984 1215 993 1242 Ι
1016 1207 1056 1241 In
1084 1207 1150 1241 mei
1177 1207 1302 1242 notarii
1327 1206 1457 1253 publici
1478 1212 1514 1241 et
1531 1206 1668 1240 testium

210 1266 505 1313 infrascriptorum
532 1266 709 1313 presentia
729 1267 959 1313 personaliter
983 1267 1191 1302 constitutus
1210 1267 1420 1301 honorabilis
1439 1266 1490 1301 vir
1512 1265 1671 1302 Gauinus

213 1326 447 1361 Hammiltone
466 1327 509 1361 de
530 1326 640 1361 Kirlie
668 1327 824 1362 existens
852 1327 884 1361 in
913 1333 1003 1362 statu
1022 1334 1057 1362 et
1076 1328 1201 1362 saisina
1217 1337 1225 1364 Ι
1242 1334 1277 1363 et
1294 1328 1422 1363 Joneta
1445 1327 1576 1373 Hynde
1596 1326 1670 1361 eius

208 1400 334 1435 sponsa
359 1387 514 1422 existens
543 1387 577 1421 in
605 1387 1349 1424 Iiberotenementolaunum-umreddituum
1376 1401 1437 1422 seu
1463 1387 1669 1421 feudifirma—

208 1461 283 1482 rum
301 1449 477 1482 terrarum
489 1457 525 1482 et
542 1453 819 1482 tenementorum
845 1448 1138 1495 infrascriptorum
1163 1448 1351 1495 jacentium
1369 1448 1404 1482 in
1423 1448 1562 1482 ciuitate
1582 1453 1617 1481 et
1635 1447 1668 1481 in

209 1508 384 1542 territorio
406 1508 619 1554 Glasguensi
638 1508 902 1543 extendentium
920 1509 953 1543 in
974 1509 1137 1544 vniuerso
1155 1510 1198 1544 ad
1218 1522 1343 1544 nouem
1361 1509 1465 1543 libras
1484 1508 1668 1543 tresdecim

210 1569 337 1603 solidos
355 1575 391 1603 et
409 1575 554 1616 quatuor
573 1569 733 1604 denarios
760 1570 1023 1604 annuiredditus
1041 1579 1049 1606 Ι
1065 1570 1230 1604 videlicet
1246 1579 1254 1606 l
1271 1569 1430 1603 Duorum
1455 1575 1669 1603 tenemento-

209 1642 284 1663 rum
303 1642 378 1664 cum
405 1629 559 1676 partibus
585 1630 835 1677 posterioribus
855 1637 890 1665 et
908 1630 1034 1665 ceteris
1060 1630 1280 1678 pertinentiis
1299 1630 1487 1664 eorundem
1506 1629 1669 1675 contigue

206 1690 392 1736 jacentium
411 1690 445 1724 in
461 1690 553 1725 dicta
570 1690 710 1726 ciuitate
730 1703 791 1725 seu
810 1691 921 1737 burgo
940 1691 983 1725 de
1002 1691 1138 1737 Glasgu
1157 1691 1191 1724 in
1210 1703 1335 1736 magno
1350 1690 1426 1725 vico
1445 1690 1611 1724 tendente
1626 1689 1668 1723 ab

210 1750 369 1785 Ecclesia
394 1750 667 1797 Metropolitana
685 1764 793 1798 vsque
813 1751 855 1785 ad
875 1751 1024 1786 Crucem
1052 1751 1209 1785 Foralem
1230 1751 1383 1785 eiusdem
1403 1750 1551 1784 ciuitatis
1578 1750 1669 1784 inter

211 1810 406 1845 Pretorium
424 1810 578 1845 eiusdem
598 1811 640 1845 ab
658 1811 799 1846 australi
818 1817 854 1846 et
870 1817 981 1846 terras
1000 1811 1074 1846 siue
1092 1817 1328 1846 tenementum
1347 1810 1516 1856 quondam
1533 1810 1667 1844 Thome

211 1871 317 1918 Hoge
337 1865 480 1905 etnunc
500 1871 653 1905 Eduardi
673 1884 716 1906 ex
735 1872 865 1906 boreali
893 1871 1048 1918 partibus
1065 1880 1074 1907 Ι
1091 1870 1239 1905 Necnon
1260 1871 1404 1904 duorum
1428 1882 1596 1916 aggerum
1622 1869 1667 1904 lie

209 1931 319 1979 riggis
345 1932 531 1978 jacentium
560 1932 594 1966 in
627 1932 752 1978 Longa
779 1932 901 1967 Crofta
927 1944 1003 1966 cum
1034 1931 1159 1965 horreo
1186 1937 1222 1965 et
1247 1930 1322 1964 aliis
1349 1930 1418 1964 suis
1448 1930 1667 1976 pertinentiis

207 1991 393 2038 jacentium
426 1992 516 2026 inter
543 1999 653 2026 terras
680 1992 852 2038 quondam
883 1991 999 2025 Dauid
1033 1991 1133 2037 Speir
1159 1991 1201 2024 ab
1230 1990 1435 2024 occidentali
1462 1996 1498 2025 et
1522 1990 1665 2025 fundum

213 2052 377 2086 Willelmi
398 2052 551 2098 Wylkyn
579 2052 621 2086 ab
643 2051 801 2086 orientali
828 2051 1007 2098 partibus!
1026 2051 1189 2097 Quinque
1216 2051 1375 2084 rodarum
1402 2056 1571 2085 terrarum
1589 2063 1665 2085 cum

209 2112 428 2158 pertinentiis
452 2111 639 2158 jacentium
666 2111 701 2145 in
727 2111 817 2146 Vico
846 2111 971 2145 Sancte
991 2110 1116 2145 Teneu
1143 2110 1234 2145 inter
1263 2110 1399 2145 Portam
1427 2116 1462 2145 et
1487 2111 1663 2146 introitum

211 2171 365 2206 eiusdem
391 2172 433 2206 ab
451 2171 656 2206 occidentali
675 2177 710 2205 et
728 2177 837 2205 terras
856 2171 1025 2217 quondam
1047 2170 1200 2206 Cristine
1221 2170 1353 2217 Hynde
1372 2178 1408 2206 et
1425 2183 1517 2206 nunc
1542 2171 1665 2218 magis-

210 2231 254 2266 tri
274 2231 410 2266 Valteri
439 2231 635 2277 Kennedye
654 2230 800 2265 rectoris
819 2231 863 2265 de
888 2230 1047 2277 Douglas
1065 2231 1107 2265 ab
1126 2231 1285 2265 orientali
1310 2231 1465 2278 partibus
1480 2240 1490 2268 l
1506 2232 1665 2266 Duorum

211 2303 378 2338 aggerum
396 2291 441 2325 lie
459 2290 569 2337 riggis
587 2303 661 2325 cum
690 2296 787 2337 parte
805 2290 971 2325 anteriori
994 2291 1180 2337 jacentium
1203 2291 1236 2325 in
1256 2291 1365 2326 crofta
1387 2292 1512 2327 Sancte
1532 2292 1664 2327 Tenew

932 2359 950 2379 Κ
