1922 2764
296 268 363 303 170
717 265 1047 301 MUNIMENTA
1074 265 1332 300 FRATRUM

293 374 381 408 infra
398 375 572 409 baroniam
592 375 635 410 de
656 374 799 410 Renfrw
817 375 991 410 annuatim
1019 376 1061 409 ad
1080 375 1165 409 duos
1193 374 1272 408 anni
1296 374 1462 408 terminos
1480 372 1644 407 videlicet
1664 373 1750 407 Pen-

293 441 444 470 tecostes
463 442 499 470 et
518 435 634 471 Sancti
667 436 810 471 Martini
841 437 875 470 in
910 449 1010 482 yeme
1037 435 1278 482 percipiendas
1304 447 1367 481 per
1386 434 1526 481 equales
1544 434 1751 480 porciones!

297 496 393 536 Quas
419 497 556 543 quidem
588 503 734 544 quatuor
760 510 891 532 marcas
918 510 994 532 cum
1025 496 1166 530 dimidia
1195 495 1342 542 predicti
1372 496 1513 530 Fratres
1543 501 1753 542 receperunt

294 558 468 592 annuatim
487 558 531 593 de
549 559 652 593 terris
671 559 714 593 de
733 559 765 593 le
787 559 904 594 Stanle
923 563 1026 604 prout
1044 557 1078 591 in
1098 557 1201 591 cartis
1220 563 1255 591 et
1273 557 1463 604 euidencijs
1481 557 1564 591 dicti
1582 557 1752 603 quondam

295 618 438 653 Domini
458 619 635 665 Wyllelmi
656 619 722 665 auij
752 619 818 654 mei
846 618 1011 665 predictis
1031 617 1210 652 Fratribus
1229 617 1394 652 confectis
1421 617 1557 664 plenius
1583 617 1648 651 fuit
1675 630 1753 652 con-

292 686 425 714 tentum
447 700 453 706 ·
478 680 666 715 Tenendas
685 687 720 715 et
737 680 913 714 habendas
941 686 976 714 et
1002 679 1244 726 percipiendas
1263 679 1393 714 eisdem
1416 679 1595 714 Fratribus
1618 692 1752 714 succes-

295 741 429 775 soribus
448 741 518 775 suis
533 741 565 775 in
581 741 724 776 liberam
738 753 857 788 puram
873 746 908 775 et
922 746 1124 786 perpetuam
1139 740 1360 774 elemosinam
1378 749 1386 776 l
1402 741 1489 774 adeo
1508 740 1616 775 libere
1636 741 1752 787 quiete

295 801 449 848 plenarie
468 802 655 836 honorifice
674 802 764 836 bene
783 807 819 836 et
836 801 870 835 in
890 813 975 848 pace
994 813 1070 835 cum
1089 800 1247 834 omnibus
1272 801 1489 835 libertatibus
1508 801 1753 836 commoditati-

295 863 358 896 bus
377 869 412 897 et
429 863 663 909 aysyamentis
682 862 943 909 quibuscunque
963 862 1005 896 ad
1034 861 1158 896 dictam
1178 862 1399 896 elemosinam
1418 862 1673 909 pertinentibus
1692 875 1753 896 seu

296 923 472 970 pertinere
492 923 686 958 valentibus
713 923 746 957 in
774 923 924 957 futurum
958 923 1048 957 sicut
1078 923 1191 969 aliqua
1222 923 1409 957 elemosina
1435 923 1468 956 in
1496 935 1607 969 regno
1636 924 1755 958 Scocie

296 983 396 1018 datur
415 996 476 1018 seu
496 984 691 1030 possidetur
718 984 765 1018 Et
783 984 810 1018 si
829 984 1008 1030 contingat
1023 996 1076 1018 me
1091 983 1239 1018 heredes
1255 996 1349 1018 meos
1363 990 1483 1018 contra
1497 984 1755 1019 concessionem

296 1044 520 1079 donacionem
553 1051 588 1079 et
617 1044 915 1079 confirmacionem
949 1044 1041 1079 dicte
1073 1044 1261 1079 elemosine
1291 1045 1418 1091 aliquid
1453 1051 1658 1092 attemptare
1676 1054 1684 1081 l
1700 1045 1756 1080 vel

296 1105 403 1152 ipsam
422 1105 641 1139 elemosinam
671 1105 713 1139 de
739 1105 830 1140 facto
857 1118 1023 1140 reuocare
1043 1105 1098 1140 vel
1130 1105 1235 1152 ipsius
1264 1106 1473 1140 solucionem
1506 1106 1539 1140 in
1571 1106 1756 1153 dampnum

296 1166 464 1200 dictorum
485 1165 643 1200 Fratrum
664 1166 741 1213 plus
760 1166 877 1201 debito
903 1179 1094 1213 prorogare
1111 1175 1119 1203 l
1136 1166 1253 1213 obligo
1272 1174 1382 1202 terras
1402 1179 1494 1202 meas
1513 1167 1556 1202 de
1587 1167 1755 1214 Ranferly

296 1227 329 1261 in
350 1233 487 1261 centuni
507 1227 624 1261 solidis
644 1227 770 1262 vsualis
789 1234 927 1262 monete
946 1228 989 1262 de
1009 1228 1109 1262 dictis
1128 1228 1232 1263 terris
1258 1229 1433 1263 annuatim
1452 1229 1552 1264 dictis
1574 1229 1752 1264 Fratribus

295 1287 528 1334 percipiendis
546 1297 554 1324 l
571 1295 606 1323 et
624 1301 677 1323 me
697 1295 732 1323 et
750 1288 898 1324 heredes
913 1301 1007 1323 meos
1026 1295 1137 1324 terras
1152 1302 1245 1324 meas
1259 1302 1298 1324 ac
1318 1290 1431 1324 omnia
1445 1291 1534 1325 bona
1548 1297 1666 1325 nostra
1684 1304 1753 1325 mo-

295 1348 378 1383 bilia
396 1355 432 1383 et
448 1349 634 1384 immobilia
651 1362 856 1396 quocunque
875 1350 951 1384 loco
977 1349 1107 1385 fuerint
1124 1350 1267 1385 inventa
1285 1351 1327 1385 ad
1346 1351 1558 1386 voluntatem
1586 1351 1754 1386 dictorum

298 1409 456 1445 Fratrum
475 1423 514 1445 ac
532 1410 658 1444 domini
681 1411 843 1458 Episcopi
866 1410 1097 1458 Glasguensis
1125 1412 1182 1458 qui
1203 1425 1264 1458 pro
1283 1419 1438 1459 tempore
1456 1413 1561 1447 fuerit
1586 1413 1660 1447 fore
1688 1413 1754 1447 dis-

297 1471 484 1518 tringenda
500 1471 668 1518 capienda
694 1478 728 1506 et
755 1484 870 1507 secum
890 1472 1093 1507 abducenda
1111 1479 1146 1507 et
1172 1473 1204 1506 in
1227 1486 1306 1508 vsus
1333 1473 1566 1520 predictorum
1595 1474 1754 1509 Fratrum

298 1533 534 1567 conuertenda
551 1546 613 1579 pro
633 1533 808 1568 solucione
827 1533 918 1568 dicte
946 1534 1133 1568 elemosine
1151 1543 1159 1570 l
1177 1535 1250 1569 sine
1278 1535 1421 1569 licencia
1447 1535 1677 1582 requisicione
1698 1536 1753 1570 vel

297 1593 544 1640 impedimento
563 1594 628 1628 mei
647 1594 812 1629 heredum
841 1607 993 1629 meorum
1021 1601 1079 1629 aut
1105 1595 1339 1642 cuiuscunque
1358 1595 1503 1630 ministri
1531 1596 1756 1631 ecclesiastici

298 1655 354 1689 vel
373 1655 537 1689 secularis
553 1663 561 1691 1
578 1667 756 1702 quousque
771 1656 813 1690 ad
828 1668 924 1690 vsum
943 1662 979 1690 et
996 1656 1286 1691 sustentacionem
1306 1656 1473 1691 dictorum
1491 1657 1649 1691 Fratrum
1665 1657 1756 1693 dicte

299 1721 444 1762 quatuor
471 1728 583 1750 marce
615 1716 803 1750 elemosine
830 1729 906 1751 cum
937 1717 1077 1751 dimidia
1106 1717 1325 1763 integraliter
1355 1718 1532 1764 persolute
1564 1718 1692 1753 fuerint
1724 1726 1758 1755 et

298 1784 439 1824 recepte
457 1786 464 1813 l
484 1777 575 1811 Volo
594 1777 734 1824 insuper
753 1784 788 1812 et
806 1778 959 1813 concedo
977 1778 1069 1825 quod
1094 1779 1122 1812 si
1141 1779 1320 1826 contingat
1346 1779 1556 1814 solucionem
1576 1781 1667 1815 dicte
1686 1782 1756 1817 ele-

299 1838 430 1873 mosine
460 1838 602 1885 prefatis
623 1838 800 1873 Fratribus
831 1839 986 1874 terminis
1016 1839 1139 1886 quibus
1171 1853 1273 1886 supra
1297 1840 1465 1875 faciendis
1497 1841 1573 1888 plus
1604 1842 1752 1889 aliquem

298 1899 448 1945 ipsorum
480 1899 704 1933 terminorum
731 1900 765 1933 in
793 1899 931 1934 defectu
959 1900 1025 1934 mei
1052 1900 1219 1935 heredum
1246 1913 1399 1936 meorum
1418 1901 1475 1936 vel
1501 1902 1754 1949 assignatorum

299 1960 479 2006 prorogari
497 1960 531 1993 in
546 1960 660 2006 aliquo
674 1960 730 1994 vel
749 1960 877 1994 deferri
894 1969 902 1996 l
919 1960 1030 1995 statim
1047 1960 1203 2008 quolibet
1220 1961 1275 1996 die
1291 1968 1368 2008 post
1382 1962 1504 2009 viginti
1523 1963 1597 1997 dies
1612 1964 1754 2010 quemli—

300 2021 360 2055 bet
381 2020 603 2055 terminorum
624 2021 855 2067 predictorum
874 2021 1070 2056 immediate
1090 2028 1277 2069 sequentes
1299 2044 1305 2049 -
1328 2035 1394 2070 ego
1413 2030 1449 2058 et
1467 2023 1614 2058 heredes
1633 2025 1700 2059 mei
1719 2031 1757 2059 et

300 2080 464 2127 assignati
482 2081 525 2114 ad
543 2081 716 2116 dimidiam
742 2094 887 2116 marcam
909 2083 1045 2117 nomine
1064 2095 1154 2129 pene
1181 2084 1214 2117 in
1234 2083 1418 2118 vtilitatem
1443 2084 1573 2119 fabrice
1594 2085 1752 2121 Ecclesie

301 2141 534 2188 predictorum
566 2141 723 2177 Fratrum
743 2143 1013 2178 conuertendam
1040 2156 1236 2178 maneamus
1263 2144 1447 2179 efficaciter
1477 2145 1619 2192 obligati
1652 2146 1698 2181 Et
1729 2148 1757 2181 si

302 2201 480 2248 contingat
493 2202 583 2248 quod
598 2203 686 2237 absit
699 2204 791 2250 quod
809 2204 899 2238 dicte
915 2210 1008 2238 terre
1028 2217 1103 2239 mee
1120 2205 1163 2239 de
1179 2204 1447 2251 Fynlawstoune
1460 2206 1669 2241 hereditarie
1681 2219 1757 2241 cum

302 2262 487 2296 heredibus
506 2262 590 2296 meis
609 2275 676 2297 non
694 2264 925 2298 remanserint
941 2273 949 2300 l
966 2265 1044 2298 volo
1073 2271 1108 2299 et
1126 2265 1249 2300 ordino
1275 2266 1367 2312 quod
1385 2279 1452 2313 ego
1471 2273 1506 2301 et
1524 2267 1672 2302 heredes
1692 2268 1757 2302 mei

304 2330 339 2357 et
356 2329 449 2357 terre
468 2334 544 2356 mee
563 2323 606 2357 de
632 2323 799 2369 Ranferly
819 2336 839 2358 a
864 2324 1029 2370 predictis
1048 2338 1154 2360 onere
1174 2326 1390 2372 obligacione
1417 2333 1453 2361 et
1478 2339 1567 2373 pena
1593 2328 1696 2361 simus
1724 2334 1758 2362 et
