1922 2764
348 296 445 330 xlviii
887 299 994 334 THE
1022 300 1269 337 PREFACE.

193 411 215 430 5.
446 395 524 431 The
543 397 618 431 rule
637 397 678 432 of
697 397 796 432 Friar
813 398 905 434 John
926 399 966 433 of
989 399 1126 442 Govan,
1148 401 1342 447 extending
1366 401 1454 434 from
1473 400 1532 435 the
1550 413 1635 447 year
1657 404 1749 440 1447
1767 408 1803 436 to

84 451 236 522 &aym
250 453 275 477 οἳ
346 469 404 503 the
423 482 507 516 year
530 470 631 511 1456,
652 483 720 505 was
751 471 891 506 marked
920 472 967 518 by
986 474 1121 508 several
1140 473 1380 509 considerable
1412 473 1650 509 benefactions
1675 481 1711 509 to
1742 474 1801 509 the

345 542 522 578 brethren.

84 616 263 652 D0021i01¹by
440 615 646 651 Alexander
673 617 713 651 of
735 617 976 664 Conyngham,
1002 618 1077 653 lord
1106 619 1145 653 of
1168 619 1374 666 Kilmawrys
1394 619 1614 665 (afterwards
1640 619 1699 654 the
1726 620 1801 654 first

81 663 302 742 giziga'ugcligmofd
343 688 425 722 Earl
445 689 484 723 of
505 688 728 734 Glencairn)‚
748 690 897 737 granted
916 690 1008 725 them
1026 691 1103 725 four
1121 692 1236 726 merks
1260 691 1328 726 and
1346 704 1365 726 a
1382 691 1458 726 half
1479 692 1611 738 yearly,
1630 691 1718 726 from
1745 691 1799 726 his

340 761 439 795 lands
458 761 497 796 of
513 761 757 808 Fyulawstone
784 763 818 797 in
845 762 904 797 the
931 763 1064 809 barony
1082 763 1122 798 of
1144 764 1320 805 RenfreW‚
1340 764 1393 798 for
1411 764 1470 799 the
1496 764 1737 811 performance
1764 765 1804 799 of

341 834 439 868 three
467 847 597 869 masses
625 835 771 882 weekly,
800 835 881 870 with
907 848 949 869 an
978 836 1104 870 annual
1133 837 1446 878 commemoration‚
1474 837 1528 871 for
1554 837 1613 872 the
1641 838 1735 872 souls
1763 838 1803 872 of

339 907 486 949 himself,
506 908 559 942 his
589 908 815 954 grandfather
837 908 891 943 Sir
917 908 1067 943 William
1088 908 1127 943 of
1149 908 1391 956 Conyngham,
1410 909 1546 956 knight‚
1566 910 1643 944 lord
1662 911 1702 944 of
1723 910 1796 945 Kil-

338 992 493 1026 mawrys,
518 980 572 1015 Sir
589 981 681 1016 ,John
707 981 747 1015 of
770 981 1027 1028 Danyhelston,
1048 981 1115 1016 and
1142 981 1195 1015 his
1222 981 1297 1016 heir
1318 982 1372 1016 Sir
1401 981 1536 1017 Robert
1554 982 1594 1017 of
1615 982 1796 1029 Danyhel·

336 1060 423 1095 ston,
443 1053 595 1100 knights,
616 1054 710 1088 lords
738 1055 777 1088 of
797 1055 870 1090 that
897 1055 962 1096 Ilk,
982 1055 1050 1090 and
1079 1055 1133 1090 Sir
1162 1055 1328 1090 Robert's
1355 1056 1527 1103 daughter
1554 1056 1622 1091 and
1647 1056 1792 1099 heiress,

82 755 218 780 Kilmaurs.

335 1126 526 1173 Margaret,
546 1127 606 1161 the
625 1127 700 1161 wife
720 1127 759 1161 of
772 1128 829 1162 the
851 1127 986 1174 Knight
1003 1128 1042 1162 of
1057 1127 1288 1174 Kilmawrysf‘

334 1208 384 1233 osa
394 1212 463 1241 story
474 1208 552 1233 ofthe
561 1216 623 1240 year
635 1210 707 1239 1379,
717 1208 798 1233 which
809 1208 854 1233 lias
864 1208 1001 1242 preserved
1012 1218 1044 1234 an

333 1255 403 1287 early
416 1255 532 1280 instance
546 1255 574 1279 of
592 1254 635 1280 the
656 1255 757 1280 Scotish
778 1260 881 1287 tangue.
919 1260 934 1270 ‘⁴
946 1255 1043 1281 Eodem

332 1302 422 1330 anuo,”
431 1310 491 1334 says
504 1301 689 1334 Walsingham,
700 1306 835 1335 “tempore
846 1301 962 1327 aestiuali
971 1307 1043 1327 tanta

331 1349 409 1381 pestis
423 1353 512 1373 exorta
531 1353 570 1373 est
582 1349 607 1373 in
626 1349 738 1381 partibus
752 1349 896 1374 borealibus
910 1349 1041 1382 [Angliae]

330 1404 361 1420 ex
374 1396 461 1429 iniquo
474 1395 574 1428 sydere,
584 1400 680 1428 quanta
690 1404 818 1428 uunquam
832 1400 910 1420 antea
920 1396 975 1420 visa
987 1396 1041 1421 suit.

414 1461 420 1466 .
458 1442 527 1467 Scoti
541 1446 567 1466 vt
580 1447 650 1475 patet
664 1441 767 1467 humani
783 1442 885 1474 generis
898 1442 1000 1472 inimici,
1036 1462 1041 1467 .

371 1508 376 1512 .
413 1488 605 1513 inhumaniores
619 1489 707 1519 brutis,
723 1489 879 1513 efferatiores
892 1489 960 1517 feris,
972 1488 1040 1513 istud

327 1540 428 1568 tempus
437 1535 655 1560 accommodatum
662 1543 747 1560 eorum
757 1535 901 1560 crudelitati
910 1540 1038 1569 putantes,

327 1583 351 1606 in
365 1587 469 1614 gentem
480 1582 567 1607 morbo
578 1586 603 1607 et
616 1586 688 1615 peste
698 1582 847 1607 tabescente
857 1582 964 1611 efferati,
974 1591 1037 1615 quos

328 1628 453 1654 Dominus
474 1632 634 1662 percusserat
655 1629 781 1661 persecuti
800 1633 866 1658 suut,
880 1633 906 1654 et
924 1629 1038 1654 dolorem

327 1676 459 1701 vulnerum
479 1683 565 1700 corum
586 1675 746 1704 addiderunt,
764 1675 936 1708 percutientes
955 1675 981 1700 in
994 1684 1037 1701 ore

325 1722 403 1754 gladii
418 1723 484 1747 viros
496 1722 564 1748 bello
577 1726 660 1756 aptos,
670 1730 734 1755 quos
747 1731 798 1747 non
812 1722 870 1747 dum
882 1723 983 1747 morbus
994 1727 1037 1747 aut

326 1770 404 1802 pestis
421 1769 552 1799 infecerat,
565 1774 591 1795 et
610 1769 773 1802 plurimorum
793 1770 931 1803 amputatis
949 1770 1038 1803 capiti-

325 1817 379 1846 bus,
393 1825 489 1842 vesano
502 1817 591 1850 spiritu
604 1816 701 1849 agitati,
714 1816 770 1850 ipsa
783 1816 868 1850 capita
881 1816 913 1842 ad
926 1817 1034 1842 inuicem

324 1863 389 1896 pede
411 1868 543 1896 pereutere
564 1868 590 1888 et
610 1868 772 1896 repercutere
794 1863 826 1888 ad
849 1863 952 1888 modum
977 1871 1033 1888 cum

323 1911 374 1943 pila
394 1910 536 1935 ludentium
556 1918 607 1935 non
631 1909 777 1935 horrebant.
820 1929 826 1935 .
872 1929 877 1934 .
918 1928 924 1934 .
970 1909 1034 1934 Cum

323 1962 408 1982 autem
420 1957 518 1990 patriae
532 1956 709 1990 praemeditati
729 1956 837 1982 fuissent
855 1957 1035 1990 direptionem,

323 2009 458 2037 antequam
480 2004 673 2037 ingrederentur
693 2004 824 2036 regionem
846 2004 925 2034 illam,
946 2004 1034 2029 accitis

322 2049 471 2083 quibusdam
485 2059 516 2075 ex
528 2050 618 2075 incolis
630 2050 721 2075 soliciti
735 2051 818 2075 scitati
839 2055 899 2075 sunt
911 2059 955 2075 cur
973 2050 1034 2083 ipsis

321 2101 420 2121 tautum
430 2101 502 2122 tanta
512 2097 590 2130 pestis
601 2097 730 2123 acciderat
743 2097 798 2131 plus
809 2106 884 2130 quam
897 2097 979 2122 Scotis
990 2101 1034 2122 aut

321 2143 376 2168 aliis
389 2143 507 2176 gentibus
520 2144 667 2169 conuicinis.
705 2144 755 2173 Qui
769 2144 916 2177 simpliciter
928 2151 1032 2176 respon-

320 2189 412 2214 derunt
436 2197 464 2214 se
488 2190 585 2215 nescire
609 2199 711 2215 causam
742 2194 830 2215 tantae
862 2190 1032 2220 mortalitatis,

321 2237 416 2269 quippe
436 2236 526 2269 quibus
547 2236 648 2262 occulta
667 2236 737 2261 fuere
759 2236 848 2261 diuina
860 2236 968 2262 iudiciax
987 2235 1032 2261 sed

320 2291 396 2307 vnum
410 2286 557 2308 constanter
569 2282 738 2314 affirmabant,
750 2283 817 2316 quod
836 2283 917 2308 omnis
930 2283 1032 2308 calami-

319 2333 367 2358 tas,
390 2329 471 2353 omnis
493 2328 641 2358 mortalitas,
664 2329 764 2354 demum
789 2330 870 2354 omnis
891 2329 1032 2355 aduersitas

320 2383 386 2408 quae
405 2376 442 2400 eis
462 2375 617 2405 acciderant,
630 2384 665 2400 ex
685 2376 789 2409 speciali
812 2376 862 2401 Dei
876 2377 959 2409 gratia
972 2385 1031 2402 con—

1080 1209 1221 1241 tingebant.
1257 1228 1263 1234 .
1299 1228 1305 1234 .
1341 1227 1347 1234 .
1385 1210 1448 1234 Cum
1459 1217 1520 1234 vero
1530 1208 1600 1234 Seoti
1609 1214 1653 1234 aut
1663 1210 1694 1235 ab
1702 1209 1793 1235 incolis

1080 1261 1177 1289 pestem
1189 1256 1225 1281 eis
1239 1256 1334 1281 illatam
1347 1255 1397 1281 Dei
1407 1256 1489 1288 gratia
1499 1255 1692 1289 trepidauerunt
1703 1256 1792 1280 timore

1079 1302 1121 1327 vbi
1135 1311 1185 1327 non
1205 1306 1261 1327 erat
1279 1302 1362 1332 timor,
1376 1302 1466 1327 saltem
1486 1302 1544 1327 talis
1564 1302 1665 1336 qualem
1679 1311 1792 1336 assump-

1078 1354 1164 1374 serant
1177 1349 1239 1374 satis
1252 1349 1401 1378 bestialiter,
1414 1349 1481 1374 vnde
1494 1349 1631 1382 ingressuri
1650 1354 1752 1379 terram,
1765 1354 1791 1375 et

1077 1400 1212 1429 postquam
1225 1396 1332 1428 ingressi
1354 1400 1413 1420 sunt
1432 1404 1497 1426 eam,
1510 1395 1625 1429 quotidie
1645 1404 1720 1421 mane
1742 1396 1793 1428 sig-

1078 1448 1204 1468 naucrunt
1216 1451 1244 1468 se
1257 1442 1301 1468 tali
1314 1442 1493 1468 benedictione
1506 1443 1538 1468 ab
1551 1442 1612 1475 ipsis
1622 1451 1715 1475 magna
1729 1442 1790 1468 deli-

1076 1490 1208 1515 beratione
1221 1490 1371 1522 composita,
1384 1494 1410 1514 et
1423 1489 1528 1514 multum
1547 1490 1693 1515 necessaria
1707 1494 1733 1514 vt
1751 1490 1788 1515 eis

1075 1536 1155 1560 visum
1177 1536 1231 1561 suit.
1268 1536 1359 1561 Senior
1380 1536 1456 1568 igitur
1474 1535 1516 1561 vel
1538 1536 1618 1561 maior
1639 1540 1701 1561 natu
1722 1537 1788 1561 inter

1073 1583 1142 1615 ipsos
1162 1583 1247 1607 taliter
1267 1582 1405 1611 inchoauit,
1426 1583 1584 1611 Benedicite,
1604 1587 1631 1608 et
1650 1583 1788 1616 responde-

1073 1629 1148 1654 batur
1171 1629 1315 1654 Dominus:
1344 1628 1437 1654 deiude
1465 1629 1544 1654 maior
1567 1634 1716 1662 prosecutus
1739 1635 1787 1658 est,

1072 1676 1148 1701 Deus
1160 1679 1185 1701 et
1198 1676 1310 1701 Sanctus
1322 1675 1512 1708 Kynteyernus,
1527 1677 1639 1702 Sanctus
1652 1676 1787 1702 Romanus

1073 1726 1097 1747 et
1117 1722 1229 1747 Sanctus
1241 1723 1364 1747 Andreas
1382 1726 1484 1747 seruent
1503 1730 1549 1747 nos
1567 1721 1644 1747 hodie
1656 1730 1673 1747 α
1694 1723 1785 1747 diuina

1072 1770 1170 1801 qratia,
1189 1773 1213 1794 et
1227 1769 1312 1801 foeda
1333 1773 1413 1794 morte
1435 1777 1486 1801 qua
1507 1769 1615 1800 Anqlici
1634 1769 1785 1794 moriuntur.

1072 1816 1105 1841 Et
1124 1821 1182 1849 post
1200 1816 1274 1841 istam
1294 1815 1500 1841 benedictionem
1519 1824 1547 1840 se
1569 1815 1632 1840 satis
1653 1818 1783 1848 protectos

1070 1863 1182 1896 satisque
1202 1862 1312 1887 munitos
1333 1863 1460 1895 putabant
1478 1871 1493 1887 a
1511 1862 1609 1887 cunctis
1629 1862 1702 1887 malis
1720 1863 1784 1887 casi-

1071 1910 1117 1935 bus
1136 1918 1202 1942 quae
1221 1910 1384 1942 superuenire
1403 1909 1533 1938 valebant,
1552 1917 1618 1942 quae
1637 1908 1783 1934 benedictio

1071 1956 1149 1981 multo
1175 1956 1335 1981 ridiculosius
1359 1960 1434 1981 sonat
1463 1956 1490 1980 in
1514 1956 1627 1989 ipsorum
1651 1955 1783 1989 ydiomate

1070 2011 1145 2036 quam
1162 2003 1250 2035 lingua
1270 2002 1359 2031 latina,
1377 2007 1403 2027 et
1424 2007 1561 2036 propterea
1579 2002 1648 2027 illam
1666 2003 1693 2027 in
1710 2010 1783 2036 prae-

1070 2050 1136 2074 senti
1149 2049 1206 2074 loco
1225 2049 1335 2074 scribere
1354 2048 1457 2081 dignum
1476 2053 1547 2082 puto,
1565 2057 1623 2073 nam
1643 2049 1692 2073 isto
1705 2048 1781 2073 modo

1069 2101 1157 2122 sonat:
1176 2097 1250 2121 Gode
1262 2096 1317 2120 and
1330 2097 1422 2121 Sainct
1432 2096 1542 2127 Munyo,
1555 2095 1647 2121 sainct
1659 2095 1781 2127 Romayn

1067 2144 1122 2168 and
1134 2144 1227 2168 Sainct
1238 2143 1361 2171 Δηώ-εἰσ,
1374 2142 1473 2167 sclzield
1485 2151 1513 2167 vs
1526 2141 1576 2167 this
1589 2143 1642 2175 day
1646 2142 1697 2175 fro
1710 2141 1780 2166 God-

1067 2191 1107 2215 dis
1130 2198 1217 2222 yrace,
1240 2190 1295 2214 and
1317 2189 1359 2214 tlze
1374 2190 1451 2223 foule
1473 2189 1551 2214 death
1575 2188 1633 2214 that
1652 2187 1779 2220 Enylisclz

1067 2245 1123 2263 men
1135 2238 1194 2262 dien
1206 2237 1294 2269 vponff’
1316 2236 1457 2269 (Chronica
1470 2236 1586 2261 Thomae
1599 2235 1777 2268 Walsingham

1067 2283 1195 2317 qvondam
1215 2282 1332 2308 monachi
1352 2282 1376 2308 S.
1393 2283 1495 2312 Albani,
1513 2291 1538 2316 p.
1551 2284 1609 2307 228.
1627 2281 1688 2306 edit.
1703 2281 1778 2306 Cam-

1062 2329 1130 2360 deni,
1144 2329 1258 2355 Francos.
1275 2330 1364 2361 1602).

1100 2376 1111 2394 9
1126 2375 1171 2409 Pp.
1188 2377 1327 2401 169—171.
1346 2383 1387 2401 no.
1400 2377 1440 2400 28.
