1922 2764
608 216 824 252 ORDINIS
853 216 1286 252 PREDICATORUM.
1636 221 1700 255 163

242 329 420 364 elimosina
446 328 480 362 in
499 340 608 374 regno
637 326 757 361 Scocie
785 327 884 361 datur
903 326 1105 361 conceditur
1132 333 1167 361 et
1193 328 1388 374 possidetur
1424 328 1470 363 Et
1489 335 1525 363 ut
1543 329 1607 364 hec
1625 343 1701 377 pre-

242 403 320 425 sens
353 388 496 424 donacio
523 387 700 423 concessio
731 400 769 422 ac
796 387 1014 422 confirmacio
1044 400 1107 434 pro
1137 400 1191 422 me
1220 394 1254 422 et
1279 388 1466 423 heredibus
1494 390 1578 424 meis
1605 391 1700 425 firme

241 456 402 486 maneant
435 455 469 484 et
499 448 597 483 illese
620 470 626 475 ·
649 448 750 482 modo
781 461 848 495 quo
883 461 986 495 supra
1009 469 1014 475 -
1037 448 1138 483 dictis
1170 449 1349 483 Fratribus
1371 459 1378 485 Ι
1401 450 1551 496 sigillum
1587 464 1699 486 meum

241 511 330 558 apud
354 531 359 536 ·
381 509 604 545 Inchenanne
627 531 633 536 -
656 509 877 556 presentibus
892 515 946 544 est
959 521 1148 556 appensum
1171 531 1176 535 ·
1200 510 1364 545 vicesimo
1378 511 1488 557 primo
1503 512 1559 547 die
1574 513 1701 547 mensis

244 570 457 618 Septembris
480 594 482 596 -
509 582 598 604 anno
618 570 761 604 Domini
780 570 961 605 millesimo
980 570 1305 617 quatringintesimo
1325 571 1462 606 decimo
1481 585 1573 607 nono
1596 594 1601 599 ·

239 755 344 790 Carta
366 776 372 782 ·
396 767 443 789 xx
465 775 471 781 ·
495 755 680 790 solidorum
700 768 762 802 per
782 755 990 790 Duncanum
1012 755 1169 790 Cambell
1188 755 1231 789 de
1253 755 1401 790 Lochaw
1417 764 1426 792 Ι
1443 756 1485 791 de
1505 756 1614 791 chetis
1634 757 1703 791 suis

237 816 410 851 annuatim
432 816 676 851 soluendorum
694 816 770 851 loco
791 816 1051 852 Predicatorum
1071 816 1114 851 de
1137 816 1280 864 Glasgw
1304 838 1308 842 -

239 912 427 978 Omnibus
454 941 518 976 hoc
547 942 711 989 scriptum
731 942 856 977 visuris
875 942 931 977 1161
951 942 1118 977 audituris
1146 942 1339 977 Duncanus
1361 942 1517 977 Cambell
1545 943 1703 977 dominus

237 1003 279 1037 de
297 1002 445 1037 Locbaw
461 1003 604 1038 salutem
621 1003 653 1037 in
671 1003 824 1038 Domino
839 1004 1081 1050 sempiternam
1108 1005 1127 1047 [·
1154 1003 1288 1046 Sci]atis
1308 1016 1369 1038 nos
1388 1016 1451 1050 pro
1466 1003 1575 1038 salute
1591 1004 1702 1038 anime

238 1070 355 1098 nostre
375 1071 410 1099 et
428 1078 491 1112 pro
511 1064 620 1099 salute
641 1064 829 1099 animarum
857 1064 1006 1099 omnium
1034 1071 1293 1099 antecessorum
1314 1070 1349 1099 et
1369 1077 1606 1099 successorum
1626 1078 1702 1099 nos-

237 1132 366 1159 trorum
386 1126 428 1160 ad
452 1126 617 1160 honorem
646 1126 715 1160 Dei
747 1125 1006 1172 Omnipotentis
1035 1131 1069 1160 et
1096 1125 1205 1160 Beate
1234 1124 1348 1160 Marie
1370 1125 1529 1172 Uirginis
1549 1133 1583 1160 et
1604 1126 1702 1160 Beati

235 1187 405 1223 Johannis
427 1187 685 1234 [Ew]angeliste
705 1187 843 1222 dedisse
863 1186 1077 1222 concessisse
1098 1193 1133 1221 et
1161 1199 1222 1233 per
1242 1193 1424 1233 presentes
1451 1199 1514 1233 pro
1532 1193 1703 1233 perpetuo

237 1249 457 1284 confirmasse
481 1270 486 1275 ·
513 1249 623 1283 Priori
660 1255 695 1283 et
732 1248 912 1283 Fratribus
946 1247 1225 1282 Predicatoribus
1263 1248 1306 1282 de
1340 1247 1476 1294 Glasgu
1509 1248 1635 1282 ibidem
1669 1249 1701 1282 in

238 1310 382 1345 ecclesia
403 1310 592 1344 eorundem
612 1309 770 1344 Fratrum
796 1309 1052 1344 predicatorum
1073 1308 1191 1343 diuina
1209 1308 1467 1343 celebrantibus
1486 1315 1521 1343 et
1539 1322 1601 1355 pro
1626 1322 1702 1355 pcr-

237 1379 343 1418 petuo
371 1372 551 1407 seruituris
574 1393 579 1398 -
603 1371 725 1416 viginti
756 1371 883 1406 solidos
910 1371 1036 1405 vsualis
1054 1377 1193 1405 monete
1214 1370 1313 1416 regni
1335 1370 1454 1405 Scocie
1474 1370 1507 1404 in
1530 1384 1648 1417 puram
1669 1378 1703 1405 et

238 1439 441 1480 perpetuam
460 1433 680 1467 elemosinam
729 1432 912 1467 soluendis
932 1431 1060 1466 eisdem
1085 1431 1193 1465 Priori
1214 1438 1249 1466 et
1268 1431 1447 1465 Fratribus
1466 1432 1650 1466 antedictis
1670 1440 1704 1467 et

239 1506 356 1528 eorum
377 1494 635 1529 successoribus
664 1494 915 1540 imperpetuum
936 1493 969 1527 in
989 1493 1070 1527 villa
1101 1492 1144 1527 de
1168 1492 1304 1539 Glasgu
1324 1492 1423 1527 dictis
1443 1493 1566 1538 viginti
1586 1493 1704 1528 solidis

238 1561 425 1602 annuatym
445 1556 488 1590 de
508 1555 618 1590 techis
645 1555 773 1589 nostris
793 1562 827 1589 et
845 1554 1011 1589 heredum
1040 1560 1235 1588 nostrorum
1264 1554 1304 1588 ad
1325 1554 1411 1588 duos
1431 1554 1510 1588 anni
1539 1554 1704 1589 terminos

238 1617 402 1651 videlicet
420 1617 540 1651 decem
561 1616 688 1650 solidos
707 1616 748 1650 ad
774 1615 916 1650 Festum
937 1615 1196 1650 Translacionis
1217 1614 1316 1649 Beati
1339 1613 1473 1649 Tbome
1501 1615 1650 1650 martiris
1669 1622 1704 1650 et

239 1679 359 1714 decem
379 1678 506 1713 solidos
521 1678 564 1712 ad
582 1678 723 1712 Festum
747 1677 863 1712 Sancti
884 1677 1026 1712 Martini
1052 1677 1084 1711 in
1114 1689 1214 1723 yeme
1235 1676 1308 1711 sine
1328 1677 1485 1711 vlteriori
1504 1677 1674 1712 dilacione
1697 1699 1702 1704 ·

240 1740 287 1774 Et
314 1740 340 1773 si
368 1739 546 1786 contingat
564 1740 652 1783 [no]s
672 1739 727 1773 uel
741 1739 891 1773 heredes
911 1745 1046 1772 nostros
1065 1737 1099 1772 in
1120 1738 1295 1772 solucione
1311 1738 1402 1772 dicte
1423 1751 1552 1772 summe
1571 1745 1609 1773 ut
1626 1752 1703 1786 pre-

241 1800 386 1834 mittitur
406 1800 449 1834 ad
467 1799 577 1834 dictos
596 1799 761 1834 terminos
781 1806 816 1834 et
829 1799 942 1833 locum
960 1799 994 1833 in
1009 1799 1162 1833 futurum
1181 1798 1332 1833 deficere
1348 1820 1354 1825 -
1371 1799 1460 1845 quod
1481 1799 1570 1833 absit
1591 1820 1597 1825 -
1620 1800 1703 1834 obli-

241 1873 361 1906 gamus
380 1873 442 1894 nos
462 1866 497 1894 et
514 1860 663 1894 heredes
678 1867 814 1894 nostros
841 1887 848 1894 .
879 1887 885 1894 .
915 1886 922 1893 .
952 1887 959 1893 .
988 1872 1024 1893 as
1043 1859 1200 1894 redditus
1220 1866 1255 1894 et
1272 1859 1511 1906 possessiones
1537 1866 1573 1894 et
1591 1860 1703 1895 omnia

242 1922 332 1955 bona
359 1928 476 1955 nostra
502 1921 640 1955 mobilia
659 1926 695 1955 et
713 1920 898 1955 immobilia
915 1920 1111 1967 vbicunque
1131 1920 1282 1954 locorum
1314 1920 1444 1955 fuerint
1462 1920 1604 1956 inventa
1629 1921 1703 1956 fore

243 1982 485 2028 distringenda
515 1981 682 2028 capienda
712 1981 882 2016 namanda
907 1981 1133 2025 abd[ucen]da
1160 1987 1195 2015 et
1221 1981 1263 2015 ad
1282 1981 1494 2016 voluntatem
1516 1981 1645 2016 Prioris
1670 1990 1705 2018 et

244 2043 403 2078 Fratrum
433 2042 692 2077 Predicatorum
721 2049 757 2076 et
787 2054 904 2076 eorum
936 2054 1173 2076 successorum
1202 2041 1385 2076 vendenda
1412 2048 1448 2076 et
1466 2042 1705 2089 dis[po]nenda

245 2116 426 2151 quousque
445 2110 511 2138 tam
532 2103 575 2137 de
590 2103 746 2150 dampnis
764 2102 938 2137 laboribus
957 2108 993 2137 et
1011 2102 1173 2149 expensis
1197 2124 1202 2129 -
1226 2102 1334 2149 sique
1354 2115 1439 2150 quos
1458 2103 1514 2138 uel
1530 2117 1613 2150 quas
1633 2118 1704 2139 sus-

244 2164 412 2200 tinuerint
431 2164 475 2198 ob
499 2163 670 2198 defectum
691 2163 876 2198 solucionis
895 2163 986 2198 dicte
1005 2176 1135 2198 summe
1158 2184 1164 2190 ι
1187 2176 1287 2210 quam
1306 2164 1348 2198 de
1368 2176 1498 2198 summa
1524 2165 1705 2212 principali

245 2226 398 2270 ei[sde]m
417 2225 596 2260 Fratribus
616 2231 651 2259 et
673 2224 742 2258 suis
761 2223 1018 2259 successoribus
1044 2224 1198 2271 plenarie
1219 2224 1322 2259 fuerit
1348 2225 1558 2260 satisfactum
1581 2246 1587 2253 ·
1610 2226 1705 2261 nullo

242 2287 329 2334 juris
344 2286 498 2321 canonici
517 2285 573 2320 uel
591 2285 701 2320 ciuilis
719 2285 873 2320 remedio
891 2285 924 2319 in
945 2285 1151 2319 contrarium
1172 2286 1399 2332 proponendo
1419 2286 1600 2321 obsistenti
1627 2290 1646 2331 [·
1664 2288 1703 2322 In
