1922 2764
205 284 250 323 76
530 281 685 316 LIBER
712 281 960 317 ECCLESIE
990 278 1329 315 COLLEGIATE

201 385 256 414 ter
274 378 441 425 speciales
459 378 596 413 fauores
614 391 700 425 quos
718 390 803 424 erga
820 377 1055 412 venerabilem
1073 382 1110 410 et
1127 375 1307 422 egregium
1326 373 1438 408 virum
1458 373 1659 420 magistrum

200 439 369 475 Jacobum
385 439 593 473 Houstoune
608 438 841 473 subdecanum
857 438 1114 484 Glasguensem
1128 436 1171 470 ad
1184 446 1329 482 presens
1343 434 1473 468 habent
1484 440 1520 468 et
1533 440 1660 480 gerent

202 499 250 534 Et
279 512 342 546 pro
374 499 477 534 certis
511 499 780 546 gratitudinibus
812 505 847 533 et
882 497 1109 532 benemeritis
1139 496 1222 542 ipsis
1258 501 1360 529 antea
1393 506 1456 541 per
1489 494 1658 541 prefatum

201 560 401 606 magistrum
428 560 595 596 Jacobum
622 559 785 606 impensis
808 567 817 594 l
841 559 971 592 Eorum
999 556 1191 603 prescripta
1217 560 1417 590 tenementa
1442 555 1476 589 in
1502 554 1659 589 manibus

201 620 337 667 prouidi
355 620 421 654 viri
441 620 575 654 Thome
594 619 678 654 Law
696 619 796 653 vnius
814 618 1018 652 balliuorum
1037 617 1128 651 dicte
1148 615 1298 650 ciuitatis
1325 615 1525 662 simpliciter
1549 615 1657 661 resig-

201 687 327 715 narunt
344 681 378 714 in
396 680 550 714 fauorem
568 680 649 714 dicti
680 679 835 725 magistri
852 677 975 714 Jacobi
1002 689 1209 722 suorumque
1231 676 1398 710 heredum
1417 682 1453 710 et
1469 675 1659 721 assignato-

201 752 275 773 rum
303 752 584 786 quorumcunque
607 761 612 766 ·
637 739 718 779 Qua
742 738 978 784 resignatione
1006 737 1054 771 sic
1078 737 1165 771 facta
1189 737 1280 770 idem
1306 736 1452 770 balliuus
1480 742 1604 770 statum
1624 743 1659 770 et

202 800 360 834 saisinam
390 800 617 834 hereditarios
646 799 796 833 omnium
823 798 991 832 dictorum
1023 802 1300 831 tenementorum
1329 796 1464 843 prefato
1494 796 1659 842 magistro

202 859 334 895 Jacobo
354 860 492 906 suisque
518 859 705 894 heredibus
724 865 759 893 et
777 857 960 904 assignatis
986 870 1049 904 per
1067 863 1161 892 terre
1181 863 1216 892 et
1233 857 1356 903 lapidis
1375 856 1658 891 deliberationem

203 920 408 954 deliberauit
424 929 433 956 Ι
451 920 588 960 Quibus
607 926 697 953 statu
716 926 751 953 et
769 918 894 952 saisina
916 919 964 952 sic
984 917 1183 952 deliberatis
1206 918 1359 964 prefatus
1377 916 1542 963 magister
1559 917 1659 953 Jaco-

201 980 265 1014 bus
283 980 456 1014 assedauit
474 986 509 1014 et
527 980 569 1014 ad
586 979 814 1014 feudifirmam
833 984 869 1013 et
883 978 1120 1025 emphiteosim
1140 984 1308 1025 perpetue
1323 977 1451 1012 dimisit
1468 977 1660 1024 prescripta

204 1045 404 1074 tenementa
434 1040 547 1074 omnia
578 1046 613 1074 et
647 1039 784 1085 singula
816 1039 982 1085 predictis
1013 1039 1165 1074 Johanni
1196 1038 1348 1072 Tarbart
1378 1037 1512 1072 Thome
1544 1037 1659 1072 Adam

203 1100 360 1135 Roberto
380 1100 531 1147 Tempill
547 1100 699 1136 ,Iohanni
727 1099 805 1133 Bell
824 1106 860 1133 et
875 1099 1027 1135 Johanni
1044 1099 1263 1135 Johnstoune
1283 1105 1319 1132 et
1336 1111 1454 1132 eorum
1472 1097 1660 1132 heredibus

203 1166 239 1195 et
255 1161 437 1207 assignatis
454 1170 462 1198 l
479 1161 642 1195 videlicet
658 1168 667 1196 Ι
685 1160 827 1194 cuilibet
845 1172 963 1194 eorum
988 1165 1121 1206 partem
1140 1166 1175 1194 et
1192 1165 1428 1193 tenementum
1447 1159 1538 1205 quod
1565 1159 1660 1206 prius

201 1221 433 1268 possederunt
449 1234 594 1256 vnacum
621 1233 746 1267 magno
765 1227 840 1254 orto
860 1233 922 1254 seu
947 1220 1100 1267 pomario
1122 1219 1217 1266 prius
1236 1219 1328 1254 dicto
1346 1219 1510 1265 magistro
1528 1219 1660 1255 Jacobo

201 1281 411 1316 hereditarie
430 1288 608 1328 spectante
625 1290 634 1318 l
651 1281 781 1316 eisdem
799 1281 1008 1316 tenementis
1027 1293 1071 1315 ex
1092 1280 1233 1315 australi
1256 1286 1354 1327 parte
1373 1279 1561 1314 eorundem
1580 1292 1659 1314 con-

203 1341 298 1387 tigue
311 1341 490 1376 adiacente
508 1350 516 1377 Ι
533 1341 701 1388 equaliter
714 1341 902 1376 diuidendo
915 1341 1005 1375 inter
1020 1341 1159 1376 eosdem
1176 1341 1224 1375 sic
1235 1340 1327 1387 quod
1338 1340 1532 1374 huiusmodi
1546 1353 1659 1387 poma-

203 1401 289 1435 rium
309 1401 417 1448 possit
434 1402 468 1435 in
487 1401 638 1436 futurum
656 1408 827 1448 perpetuo
842 1401 942 1436 dictis
961 1402 1169 1436 tenementis
1184 1401 1273 1435 vniri
1290 1409 1298 1437 l
1316 1401 1383 1434 Pro
1397 1400 1660 1447 quibusquidem

203 1462 373 1496 locatione
392 1468 428 1496 et
445 1462 488 1496 ad
504 1462 732 1496 feudifirmam
751 1468 786 1496 et
813 1461 1050 1508 emphiteosim
1079 1461 1278 1495 dimissione
1306 1460 1429 1508 prefati
1447 1460 1512 1494 viri
1531 1461 1659 1507 obliga-

203 1528 285 1556 runt
309 1534 345 1556 se
364 1528 400 1556 et
416 1522 564 1556 heredes
589 1535 668 1556 suos
693 1522 867 1556 annuatim
890 1522 1068 1569 perpetuis
1086 1521 1209 1556 futuris
1228 1521 1440 1568 temporibus
1457 1521 1660 1568 persoluere

204 1582 337 1628 prefato
365 1582 527 1629 magistro
553 1582 684 1618 Jacobo
712 1583 849 1628 suisque
875 1582 1062 1617 heredibus
1081 1588 1117 1616 et
1137 1582 1320 1628 assignatis
1346 1594 1477 1615 annuos
1503 1581 1660 1616 redditus

206 1642 416 1689 subscriptos
437 1650 446 1678 l
467 1642 631 1676 videlicet
650 1651 659 1678 Ι
680 1642 791 1676 dictus
816 1642 994 1678 Johannes
1025 1642 1176 1677 Tarbart
1201 1642 1245 1676 de
1272 1655 1333 1676 suo
1361 1648 1560 1677 tenemento
1587 1642 1660 1688 vig-

205 1703 347 1737 intiocto
366 1703 493 1737 solidos
515 1711 524 1738 Ι
544 1702 656 1736 dictus
684 1702 835 1737 Thomas
865 1703 977 1737 Adam
996 1703 1039 1737 de
1058 1715 1119 1737 suo
1137 1708 1337 1737 tenemento
1357 1701 1559 1748 vigintiocto
1582 1702 1660 1736 soli-

206 1763 268 1797 dos
290 1772 298 1799 Ι
322 1763 498 1798 Robertus
518 1762 669 1810 Tempill
696 1763 739 1797 de
767 1775 828 1797 suo
855 1769 1055 1797 tenemento
1074 1763 1278 1809 vigintioeto
1304 1762 1431 1796 solidos
1453 1770 1462 1798 Ι
1481 1762 1659 1798 Johannes

208 1823 285 1858 Bell
303 1823 346 1857 de
365 1835 427 1857 suo
445 1829 645 1857 tenemento
673 1823 870 1868 vigintitres
898 1823 1025 1857 solidos
1049 1832 1057 1859 Ι
1079 1829 1115 1858 et
1132 1823 1244 1857 dictus
1269 1822 1448 1858 Johannes
1464 1822 1660 1859 Johnstone

207 1883 250 1917 de
281 1896 342 1918 suo
373 1889 573 1918 tenemento
600 1883 804 1929 vigintiocto
831 1883 958 1917 solidos
976 1891 984 1919 Ι
1000 1883 1128 1917 vsualis
1156 1889 1295 1917 monete
1321 1882 1422 1929 regni
1456 1883 1569 1917 Scotie
1586 1891 1595 1919 l
1611 1883 1660 1918 sic

206 1943 297 1989 quod
311 1956 380 1977 non
394 1943 512 1978 licebit
525 1943 668 1990 prefatis
681 1944 764 1978 viris
783 1956 848 1978 nec
862 1955 980 1978 eorum
998 1943 1184 1977 heredibus
1204 1956 1265 1977 seu
1283 1942 1465 1989 assignatis
1484 1949 1542 1977 aut
1559 1943 1659 1978 alicui

208 2016 326 2037 eorum
343 2004 490 2050 aliquem
508 2003 681 2038 redditum
699 2016 850 2038 annuum
868 2004 911 2038 de
930 2003 1030 2038 dictis
1048 2003 1257 2038 tenementis
1272 2003 1361 2037 vltra
1379 2016 1510 2037 annuos
1532 2003 1661 2050 [reddi-

206 2061 276 2107 tus]
293 2075 385 2097 nunc
399 2069 436 2097 vt
449 2076 552 2110 supra
566 2063 701 2098 debitos
715 2064 868 2098 vendere
883 2070 942 2098 aut
955 2063 1189 2110 superaddere
1206 2072 1214 2099 l
1231 2063 1380 2097 Necnon
1395 2063 1527 2110 seipsos
1542 2076 1660 2098 eorum

208 2122 356 2156 heredes
374 2128 410 2156 et
427 2123 619 2168 assignatos
638 2123 755 2157 stricte
771 2123 968 2170 obligarunt
985 2123 1178 2171 prescripta
1195 2136 1313 2158 eorum
1328 2129 1526 2158 tenementa
1543 2124 1660 2158 melio-

208 2195 285 2216 rare
314 2194 476 2228 reparare
503 2189 538 2216 et
565 2183 725 2217 edificare
756 2183 789 2217 in
823 2183 968 2230 singulis
995 2183 1138 2218 edificiis
1165 2189 1200 2218 et
1228 2183 1372 2229 singulis
1403 2183 1585 2217 structuris
1611 2183 1660 2217 sic

208 2242 299 2288 quod
318 2247 420 2276 erunt
443 2241 685 2288 distringibilia
709 2256 773 2290 pro
798 2243 992 2277 huiusmodi
1018 2245 1139 2278 annuis
1165 2243 1358 2278 redditibus
1378 2256 1515 2278 exnunc
1533 2243 1575 2280 de
1595 2243 1659 2277 eis-

210 2303 287 2337 dem
301 2301 426 2336 debitis
442 2310 450 2337 l
466 2302 557 2348 quod
575 2303 603 2336 si
621 2315 720 2337 secus
734 2303 882 2338 feceriut
899 2303 1092 2338 huiusmodi
1107 2310 1306 2339 tenementa
1324 2317 1365 2338 eo
1377 2304 1468 2338 facto
1486 2309 1658 2338 reuerter-
