1922 2764
271 506 334 524 XXX.

262 684 336 711 xxxi

252 871 338 898 xxxii.

244 997 341 1025 xxxiii.

237 1122 345 1150 xxxiiii.

257 1318 338 1336 XXXV.

248 1434 342 1462 xxxvi

241 1622 344 1650 xxxvii.

232 1810 347 1838 xxxviii.

254 1997 347 2025 xxxix.

264 2255 345 2273 XXXX.

836 234 1063 272 TABULA.

396 372 458 399 Ker
479 375 509 399 et
523 371 556 399 de
573 375 695 408 quatuor
709 370 804 399 solidis
819 371 970 399 annuatim
991 371 1026 399 de
1041 371 1125 400 domo
1146 371 1217 400 dicti
1235 373 1355 400 Roberti
1372 373 1434 401 Kcr
1449 388 1454 392 ·
1467 374 1507 408 (A.
1520 382 1543 400 n.

397 433 477 462 1480.
491 435 600 461 abbrev.
615 443 649 461 ex
662 438 749 471 autoq.
762 435 790 461 in
802 433 900 461 archiv.
917 433 998 461 Univ.
1017 433 1121 470 Glasss.)

358 497 586 525 Instrumentum
599 496 688 525 annui
702 497 831 525 redditus
845 506 894 524 sex
908 496 1063 524 solidorum
1078 497 1113 524 de
1128 500 1204 524 terra
1220 496 1340 524 Walteri
1358 497 1498 533 Rankyne
1514 497 1543 524 in

394 559 420 587 le
437 559 628 596 Palyartcroft
638 568 724 597 prope
736 559 875 597 capellam
889 559 993 587 Sancte
1008 559 1112 587 Tenew
1127 573 1132 578 ·
1149 559 1200 596 (18
1214 558 1322 596 Aprilis
1336 559 1417 588 1487.
1437 560 1544 586 abbrev.

395 632 428 649 ex
441 627 529 659 autea.
544 624 574 649 in
587 622 685 650 archiv.
704 622 785 650 Utzz'n.
803 621 909 659 Glasq.)
944 644 950 649 .

359 683 499 712 Vendicio
514 684 602 712 annui
617 684 745 712 redditus
760 684 795 712 de
809 688 974 712 tenemento
990 684 1105 712 Andree
1122 684 1267 711 Frebarne
1282 683 1311 711 in
1328 683 1400 711 Vico
1417 683 1546 712 Piscato-

396 755 460 773 rum
480 745 561 774 iuxta
575 746 601 774 le
620 747 691 774 Stok
707 746 771 774 We]
786 763 791 767 -
806 746 857 783 (20
874 745 974 774 Martii
991 746 1112 776 1487-8.
1133 747 1240 774 abbrev.
1257 756 1290 773 ex
1304 751 1390 782 autogy.
1405 747 1432 774 in
1446 746 1547 774 archiv.

402 808 483 835 Univ.
506 808 611 845 Glasgs.)

361 871 589 899 Iusti-timentum
609 871 698 898 annui
722 871 851 899 redditus
875 871 910 899 de
934 875 1098 899 tenemento
1122 870 1231 899 domini
1253 871 1393 899 ⁷Iohannis
1415 871 1547 899 Gluuar·

399 935 451 969 (27
468 934 639 962 Novembris
656 934 737 962 1488.
758 936 865 962 abbrev.
879 944 912 962 (π’
925 939 1012 972 autoss.
1027 936 1055 962 in
1068 934 1168 962 archiv.
1186 934 1266 962 Univ.
1286 933 1395 971 Glasy.)

366 998 592 1025 Instrumentum
609 997 718 1025 Thome
735 998 867 1034 Hugonis
882 998 916 1025 de
940 997 1065 1034 quinque
1079 997 1157 1026 rodis
1170 1001 1313 1025 terrarum
1331 997 1495 1034 jacentibus
1518 997 1548 1024 in

398 1059 423 1087 le
439 1059 528 1088 Crobs
543 1076 548 1081 ·
562 1060 612 1096 (13
631 1060 806 1097 Septembris
823 1061 903 1089 1494.
923 1062 1029 1088 abbrev.
1045 1071 1077 1089 εκ
1088 1066 1175 1098 autoy.
1187 1061 1215 1088 in
1224 1060 1325 1088 archiv.
1341 1060 1422 1088 Unio.
1443 1059 1550 1097 Glasss)

370 1123 597 1150 Instrumentum
611 1123 700 1150 annui
720 1122 849 1151 redditus
871 1123 1094 1160 quatuordecem
1116 1123 1271 1151 solidorum
1293 1123 1327 1151 de
1352 1128 1413 1150 orto
1438 1123 1548 1150 Thome

400 1185 501 1213 Schaw
515 1185 544 1212 in
562 1185 619 1212 Via
636 1185 742 1213 Sancte
759 1186 863 1213 Tenew
878 1199 883 1204 ·
897 1186 949 1221 (14
964 1186 982 1214 J
985 1186 1096 1214 aunarii
1114 1186 1233 1214 1505-6.
1253 1187 1356 1213 abbrev.
1371 1195 1404 1213 cm
1418 1190 1506 1221 autogs.
1522 1187 1549 1212 ‘ln

399 1247 498 1275 archiv.
517 1247 597 1274 Univ.
619 1247 726 1285 Glasy.)
771 1269 776 1274 .

362 1309 589 1336 Instrumentum
600 1318 684 1347 super
697 1308 894 1338 anniuersario
905 1310 1036 1347 magistri
1049 1310 1201 1338 Michaelis
1215 1309 1357 1347 Flemyng
1369 1309 1550 1347 prebendarii

401 1371 435 1399 de
449 1371 624 1400 Alncrumbe
637 1388 642 1394 ·
653 1371 684 1409 (6
698 1372 799 1400 Martii
812 1372 932 1401 1505-6.
946 1374 1053 1401 abbrev.
1063 1382 1096 1400 ecc
1105 1377 1193 1409 autoy.
1202 1373 1232 1400 in
1241 1372 1339 1400 archiv.
1352 1371 1429 1400 Um'v.
1443 1371 1551 1409 Glasy.)

366 1434 594 1462 Instrumentum
606 1434 695 1463 annui
709 1434 838 1463 redditus
847 1434 882 1463 de
893 1439 1058 1463 tenemento
1068 1435 1129 1462 siue
1139 1435 1220 1462 horto
1232 1434 1400 1462 Archibaldi
1411 1434 1551 1462 Watsoun

402 1506 436 1524 ex
450 1501 531 1534 parte
552 1496 671 1525 australi
688 1496 754 1525 Vici
772 1497 877 1526 Sancte
894 1498 998 1525 Tenew
1013 1514 1018 1519 -
1035 1497 1085 1533 (23
1105 1497 1275 1525 Novembris
1292 1497 1373 1526 1507.
1393 1498 1498 1524 abbrev.
1514 1506 1547 1524 esc

401 1565 489 1596 autofs.
503 1560 532 1587 in
545 1559 645 1587 archiv.
664 1559 747 1588 Univ.
766 1559 878 1597 Glasq.)

368 1623 595 1651 Instrumentum
608 1631 661 1660 pro
675 1622 813 1660 magistro
828 1623 936 1651 Jacobo
952 1623 1121 1651 Houstoune
1136 1631 1220 1659 super
1240 1622 1324 1649 terris
1347 1625 1376 1649 et
1389 1625 1552 1649 tenemento

402 1685 458 1712 loci
483 1684 596 1713 Veteris
616 1684 773 1722 Pedagogii
796 1685 826 1712 in
842 1685 899 1713 Via
915 1685 1061 1713 Ratonum
1077 1701 1082 1706 ·
1096 1684 1128 1721 (6
1145 1683 1276 1712 Octobris
1294 1683 1373 1711 1524.
1395 1684 1501 1710 abbrev.
1518 1693 1551 1710 ex

403 1753 489 1784 (heloy.
504 1749 532 1775 in
545 1747 643 1775 archiv.
662 1747 741 1775 Univ.
762 1746 869 1784 Glassj.)

371 1810 494 1847 Saisyng
508 1810 539 1838 of
559 1810 607 1838 the
622 1809 725 1838 vicaris
740 1810 770 1837 of
787 1810 836 1837 the
851 1810 957 1846 quhere
972 1809 1001 1835 in
1024 1817 1077 1836 ane
1091 1807 1172 1836 waist
1192 1811 1339 1835 tenement
1363 1815 1397 1834 on
1420 1807 1467 1834 the
1484 1811 1552 1834 west

405 1877 468 1909 part
482 1872 513 1900 of
523 1873 571 1900 the
586 1876 651 1909 gate
666 1872 710 1900 fra
723 1873 771 1900 the
787 1871 885 1909 Wynd
899 1871 969 1899 hede
985 1875 1013 1899 to
1027 1871 1075 1898 the
1088 1871 1167 1907 Gray
1181 1870 1278 1898 Freris
1295 1886 1299 1891 -
1315 1870 1365 1905 (15
1383 1869 1549 1897 Decembris

407 1935 480 1963 1534
494 1940 519 1962 et
532 1935 567 1962 21
585 1934 684 1962 Martii
702 1934 822 1962 1541-0.
844 1943 878 1962 ex
894 1938 1073 1970 transsumpto
1086 1934 1115 1960 in
1128 1932 1228 1959 archiv.
1249 1931 1328 1959 Univ.
1347 1930 1453 1968 Glasy.)

371 1997 551 2025 Presentatio
565 1997 675 2025 domini
698 1996 816 2024 Joannis
841 1996 908 2024 Law
922 1995 958 2023 ad
972 1994 1161 2032 capellaniam
1186 1993 1253 2021 Diui
1278 1993 1369 2021 Rochi
1384 1993 1553 2021 confessoris

405 2059 554 2087 fundatam
572 2059 657 2096 juxta.
678 2058 828 2086 ciuitatem
852 2057 1058 2094 Glasguensem
1080 2065 1131 2093 per
1153 2055 1296 2092 quondam
1320 2056 1392 2083 bone
1416 2055 1553 2083 memorie

406 2121 576 2157 magistrum
601 2121 742 2148 Thomam
766 2119 902 2147 Murheid
917 2134 922 2139 ·
939 2119 971 2155 (6
989 2118 1112 2155 Augusti
1137 2117 1219 2146 1566.
1239 2127 1271 2145 ez
1294 2123 1382 2155 autogy.
1409 2119 1437 2146 in
1459 2118 1557 2145 archiv.

411 2183 488 2211 Unir.
507 2182 618 2219 Glasy.)

369 2244 457 2272 Aliud
484 2244 707 2271 instrumentum
730 2242 953 2280 presentacionis
980 2241 1108 2270 eiusdem
1124 2253 1129 2258 ·
1144 2242 1193 2278 (21
1220 2241 1391 2270 Novembris
1412 2242 1492 2271 1567.
1521 2253 1554 2270 ex

409 2311 497 2343 autoy.
512 2307 541 2333 in
554 2305 654 2333 archiv.
672 2304 749 2332 Um'v.
769 2305 874 2341 Glasgs.)
