1922 2764
659 239 874 275 ORDINIS
903 239 1337 275 PREDICATORUM.
1661 244 1731 275 215

272 352 399 386 Sextus
414 350 516 386 etiam
530 349 576 397 iiij
593 350 750 384 similiter
764 349 1031 396 predecessores
1046 348 1153 394 nostrj
1172 369 1178 375 ·
1195 348 1384 395 predictam
1401 355 1435 383 et
1450 349 1632 384 nonnullas
1647 350 1729 384 alias

269 411 422 446 eiusdem
441 409 611 447 Johannis
629 410 672 444 de
694 410 845 444 Polliaco
865 416 900 445 et
926 409 1069 444 aliorum
1096 409 1310 456 quorundam
1343 409 1523 456 opiniones
1555 416 1590 445 et
1620 423 1729 446 asser-

269 472 386 506 ciones
422 471 523 506 etiam
560 471 830 505 condemnantes
853 491 859 497 ·
882 470 1122 505 mandauerint
1156 476 1276 504 contra
1308 469 1495 504 earundem
1530 471 1729 518 opinionum

269 537 459 566 assertores
479 531 574 565 velut
592 536 713 565 contra
730 530 893 566 heriticos
912 537 947 566 et
966 532 1008 565 de
1027 531 1095 565 fide
1115 530 1283 566 catholica
1301 537 1479 578 suspectos
1504 531 1633 567 debere
1652 546 1730 580 pro--

269 591 344 638 cedj
374 592 420 626 Et
434 592 524 626 idem
542 592 669 626 Sextus
684 591 902 639 predicessor
917 591 1130 627 concesserit
1151 612 1157 618 ·
1180 592 1271 639 quod
1294 613 1300 618 -
1324 592 1350 639 sj
1366 598 1521 627 rectores
1537 593 1729 640 parrochia-

269 651 350 686 lium
370 652 592 687 ecclesiarum
609 659 822 687 sacramenta
836 653 1042 688 eucharistie
1062 659 1098 688 et
1116 658 1272 688 extreme
1288 653 1459 688 vnctionis
1473 653 1539 688 hiis
1553 654 1609 701 quj
1630 655 1730 689 dictis

269 712 448 747 Fratribus
467 719 585 748 essent
603 713 752 748 confessi
771 713 900 761 absque
919 714 985 749 alia
1011 714 1204 761 rationabilj
1225 727 1327 749 causa
1354 714 1528 749 maliciose
1560 722 1731 762 negarent

268 773 324 808 vel
343 773 510 809 exhibere
529 774 711 809 differrent
733 795 739 801 -
762 774 903 809 Fratres
922 775 1068 822 predictj
1089 775 1146 810 illa
1158 775 1316 822 personis
1331 788 1474 822 quarum
1494 776 1729 812 confessiones

267 834 483 870 audiuissent
501 848 542 870 ea
559 835 760 882 petentibus
773 835 967 870 ministrare
989 835 1147 871 valerent
1169 857 1174 862 ·
1199 842 1234 871 et
1255 857 1262 863 ·
1285 836 1377 883 quod
1395 836 1497 871 iidem
1514 837 1655 872 Fratres
1674 838 1730 872 vel

269 896 516 943 consanguinej
537 909 656 931 eorum
675 892 917 943 quj‘eligerint
936 897 1074 944 sepelirj
1095 897 1185 944 apud
1213 897 1378 932 ecclesias
1401 897 1561 932 Fratrum
1590 898 1728 933 Mendi-

268 957 417 991 cantium
445 957 546 992 etiam
573 962 738 1004 pretextu
769 957 1004 1004 cuiuscunque
1023 957 1284 992 consuetudinis
1316 970 1383 992 non
1416 958 1550 1005 possint
1569 960 1726 1006 compellj

268 1017 406 1052 deferre
425 1030 572 1065 corpora
590 1018 831 1052 defunctorum
851 1018 893 1052 ad
912 1017 1144 1064 parrochiales
1164 1018 1328 1053 ecclesias
1347 1025 1406 1054 aut
1423 1019 1489 1054 alia
1506 1019 1581 1055 loca
1600 1026 1635 1055 et
1652 1033 1727 1055 cum

268 1078 335 1113 illis
354 1079 409 1113 vel
429 1079 502 1113 sine
521 1078 589 1113 illis
608 1079 690 1126 inibj
711 1078 829 1114 diuina
847 1078 1026 1114 celebrare
1045 1079 1099 1113 vel
1121 1079 1289 1126 celebrarj
1318 1080 1432 1115 facere
1459 1087 1539 1116 ante
1567 1081 1622 1116 vel
1653 1089 1730 1129 post

268 1139 480 1186 sepulturam
493 1140 683 1175 eorundem
705 1161 711 1166 -
735 1140 1021 1187 prohibueritque
1037 1140 1221 1175 ordinariis
1236 1141 1387 1176 locorum
1408 1142 1470 1176 sub
1489 1142 1663 1190 interdictj
1681 1143 1729 1177 in-

267 1213 409 1246 gressus
424 1201 571 1236 ecclesie
588 1208 623 1236 et
638 1201 874 1248 suspensionis
889 1214 909 1236 a
922 1200 1093 1248 regimine
1107 1207 1142 1236 et
1154 1201 1450 1237 administratione
1467 1216 1603 1238 suarum
1619 1204 1728 1239 eccle-

269 1261 394 1296 siarum
411 1270 419 1298 l
435 1274 474 1297 ac
492 1261 755 1309 parrochialium
775 1261 999 1297 ecclesiarum
1018 1262 1212 1297 rectoribus
1239 1268 1274 1297 et
1292 1262 1366 1297 aliis
1385 1263 1647 1311 quibuscunque
1667 1265 1729 1299 sub

269 1322 632 1358 excommunicationis
659 1322 728 1358 late
757 1323 935 1358 sentencie
955 1328 990 1357 et
1016 1322 1223 1370 priuacionis
1252 1324 1438 1359 earundem
1467 1325 1728 1371 parrochialium

269 1382 491 1418 ecclesiarum
507 1389 543 1418 et
561 1383 710 1418 omnium
730 1383 872 1418 aliorum
887 1383 1134 1418 beneficiorum
1152 1383 1463 1419 ecclesiasticorum
1483 1399 1549 1433 que
1566 1399 1627 1433 pro
1646 1393 1730 1421 tem-

267 1457 352 1491 pore
384 1444 543 1479 obtinent
559 1453 567 1481 l
583 1457 720 1479 necnon
739 1444 948 1479 inhabiliatis
967 1445 1010 1479 ad
1038 1444 1095 1479 illa
1126 1452 1161 1480 et
1179 1445 1245 1480 alia
1275 1446 1498 1492 imposterum
1518 1448 1705 1483 obtinenda
1723 1459 1731 1485 Ι

269 1504 387 1552 eoipso
417 1517 480 1552 per
498 1505 787 1540 contrafacientes
816 1505 1034 1540 incurrendis
1054 1506 1152 1553 penis
1174 1527 1181 1533 -
1204 1519 1247 1540 ne
1268 1507 1408 1541 eosdem
1439 1507 1580 1543 Fratres
1612 1517 1732 1545 contra

268 1566 420 1613 ipsorum
433 1566 618 1614 priuilegia
631 1566 816 1601 molestare
831 1573 1031 1613 presumant
1053 1587 1059 1593 ·
1082 1573 1141 1601 aut
1154 1567 1312 1614 personis
1327 1568 1538 1614 quibuslibet
1553 1570 1731 1605 ecclesias-

267 1627 344 1662 ticis
367 1627 421 1662 vel
440 1627 653 1663 secularibus
671 1627 705 1661 in
720 1640 853 1674 genere
868 1627 923 1661 vel
942 1627 975 1661 in
997 1627 1114 1674 specie
1133 1627 1264 1662 directe
1281 1628 1334 1663 vel
1351 1628 1520 1664 indirecte
1535 1630 1664 1675 aliquid
1683 1631 1731 1665 in-

267 1687 409 1723 hibeant
426 1688 620 1736 precipiant
637 1695 697 1723 aut
715 1688 798 1722 alias
817 1688 979 1722 ordinent
998 1688 1054 1722 vel
1074 1694 1226 1723 statuant
1244 1688 1425 1735 quominus
1445 1689 1585 1725 Fratres
1601 1691 1731 1726 ordinis

267 1749 413 1796 predictj
435 1756 471 1784 et
488 1749 624 1784 illorum
643 1749 764 1783 domus
783 1755 818 1783 et
836 1749 1051 1796 professores
1069 1749 1263 1796 priuilegiis
1283 1755 1318 1783 et
1347 1750 1468 1796 gratiis
1488 1750 1537 1785 eis
1557 1752 1730 1786 concessis

268 1809 377 1844 libere
396 1810 444 1856 vtj
464 1810 598 1856 possint
632 1810 679 1844 Et
704 1809 920 1856 postmodum
950 1821 1011 1843 nos
1042 1809 1076 1842 in
1105 1809 1292 1844 nouissimo
1320 1809 1551 1845 Lateranensi
1572 1810 1729 1846 Concilio

268 1870 526 1905 decreuerimus
544 1871 636 1917 quod
662 1877 804 1917 peccata
830 1883 891 1905 sua
917 1870 1097 1905 Fratribus
1125 1870 1409 1905 Mendicantibus
1436 1871 1629 1919 huiusmodj
1652 1887 1729 1920 pre-

269 1930 412 1965 sentatis
447 1931 635 1965 secundum
669 1930 923 1965 Clementinam
957 1931 1238 1965 constitutionem
1278 1932 1466 1978 predictam
1503 1939 1538 1968 et
1572 1934 1729 1969 admissis

269 1991 325 2026 vel
354 1991 455 2026 etiam
483 1991 637 2026 indebite
664 1990 831 2026 recusatis
853 2011 859 2016 -
883 1990 1029 2037 confessj
1055 2012 1060 2017 ·
1083 1991 1319 2037 constitutionj
1349 2005 1414 2038 que
1442 1992 1587 2040 incipit!
1606 1994 1729 2029 Omnis

268 2051 447 2098 vti-iusque
467 2064 570 2086 sexus
587 2061 596 2088 1
612 2064 678 2098 quo
697 2051 739 2086 ad
758 2051 1008 2086 confessionem
1025 2051 1193 2086 duntaxat
1211 2052 1418 2088 satisfecisse
1437 2061 1645 2089 censeantur
1682 2055 1729 2091 Et

269 2112 526 2147 concessionem
558 2112 778 2159 impendendj
812 2118 1025 2147 sacramenta
1059 2113 1214 2159 predicta
1244 2113 1504 2149 limitauerimus
1532 2115 1565 2149 in
1597 2122 1727 2151 euentu

269 2173 433 2208 videlicet
450 2174 542 2220 quod
571 2173 756 2220 denegatio
785 2179 1073 2207 sacramentorum
1103 2173 1297 2208 huiusmodi
1326 2174 1400 2209 sine
1428 2175 1598 2222 legittima
1627 2189 1728 2212 causa

267 2234 369 2269 fieret
387 2240 422 2269 et
439 2234 482 2269 de
502 2234 559 2269 illa
585 2233 782 2269 testimonio
801 2233 992 2268 vicinorum
1021 2246 1082 2268 seu
1110 2234 1232 2281 notarij
1266 2235 1394 2282 publicj
1428 2235 1507 2270 inde
1527 2237 1638 2283 rogatj
1658 2238 1725 2272 fide

268 2301 443 2330 constaret
464 2316 470 2322 -
495 2295 641 2330 Necnon
662 2308 724 2342 per
742 2294 904 2341 quasdam
924 2300 1058 2329 nostras
1086 2294 1119 2328 in
1138 2294 1247 2329 forma
1277 2295 1394 2330 breuis
1425 2296 1542 2330 literas
1575 2297 1726 2332 declara-
