1922 2764
250 239 316 274 164
660 238 990 274 MUNIMENTA
1022 237 1281 272 FRATRUM

246 348 354 391 c]uius
373 349 423 383 rei
447 349 680 384 testimonium
711 348 861 395 sigillum
892 354 1047 382 nostrum
1066 346 1287 394 presentibus
1315 352 1368 380 est
1394 357 1582 392 appensum
1614 345 1703 392 apud

247 409 433 443 manerium
466 415 620 444 nostrum
657 409 699 444 de
734 409 927 444 Strathachi
960 408 1093 443 decimo
1124 407 1179 441 die
1214 406 1341 441 mensis
1370 406 1583 452 Septembris
1616 418 1705 440 anno

247 470 388 517 Dominj
410 470 591 505 millesimo
610 469 953 517 quadringentesimo
972 468 1136 503 vicesimo
1155 480 1246 502 nono
1268 488 1274 492 ·

247 653 517 687 Instrumentum
533 652 708 687 cuiusdam
728 651 919 686 tenementi
939 663 1000 698 per
1015 651 1189 685 dominum
1207 650 1418 685 Willelmum
1446 650 1601 685 Forffare
1628 650 1704 685 loco

249 714 507 748 predicatorum
525 713 635 747 relicti

187 866 194 873 .
247 807 301 873 In
339 838 408 872 Dei
444 838 582 872 nomine
612 837 726 871 Amen
764 850 826 884 per
853 849 999 884 presens
1030 836 1295 871 instrumentum
1325 842 1443 883 pateat
1464 857 1470 862 ·
1493 837 1584 883 quod
1616 849 1705 871 anno

247 899 288 933 ab
315 899 556 933 incarnacione
584 898 725 945 Dominj
755 898 936 932 millesimo
964 903 1091 933 eccemo
1113 919 1118 924 -
1142 901 1252 932 xxxm⁰
1274 918 1279 924 ·
1304 897 1512 932 Decembris
1530 897 1586 932 die
1613 898 1675 932 xix
1697 908 1705 934 l

246 960 286 994 In
327 959 393 994 mei
429 959 552 1006 notarij
585 959 712 1006 publici
744 966 779 993 et
818 959 957 994 testium
998 959 1269 1006 subscriptorum
1306 958 1488 1005 presencia
1521 959 1706 1006 religiosus

247 1021 297 1054 vir
317 1020 488 1055 Dominus
509 1019 704 1054 willelmus
723 1019 868 1054 Forfare
898 1019 997 1054 Prior
1023 1019 1066 1054 de
1096 1019 1252 1054 Blantire
1279 1019 1422 1053 tradidit
1452 1024 1487 1053 et
1517 1019 1707 1066 assignauit

247 1082 424 1116 Fratribus
446 1081 725 1116 Predicatoribus
744 1081 864 1115 domus
892 1081 935 1115 (10
958 1080 1094 1128 Glasgu
1117 1102 1122 1107 -
1146 1093 1251 1114 vnum
1270 1086 1507 1115 tenementum
1532 1081 1652 1127 jacens
1671 1081 1704 1115 in

245 1144 383 1178 ciuitate
419 1143 631 1190 Glasguensi
661 1165 666 1169 -
698 1156 742 1178 ex
774 1149 871 1190 parte
904 1143 1110 1178 occidentali
1143 1142 1265 1189 Magni
1295 1142 1375 1176 Vici
1403 1162 1409 1168 ·
1437 1142 1614 1178 tendentis
1636 1164 1642 1170 .
1664 1143 1706 1178 ab

245 1204 403 1239 Ecclesia
439 1204 639 1238 Cathedrali
671 1217 778 1250 vsque
812 1203 960 1238 Crucem
1001 1203 1082 1238 Fori
1118 1203 1209 1238 dicte
1241 1203 1391 1239 ciuitatis
1418 1225 1424 1230 ·
1452 1204 1542 1239 inter
1578 1211 1704 1239 terram

244 1266 410 1300 heredum
430 1265 577 1300 Walteri
599 1265 730 1312 Sprewl
749 1277 793 1300 ex
820 1271 918 1312 parte
945 1265 1086 1300 australi
1109 1286 1114 1291 ·
1138 1272 1174 1300 et
1200 1272 1327 1300 terram
1355 1266 1545 1313 capellanie
1576 1266 1705 1301 Sancti-

243 1327 372 1361 andree
403 1326 438 1360 in
466 1326 613 1360 ecclesia
643 1326 858 1373 Glasguensi
890 1339 934 1360 ex
960 1333 1059 1373 parte
1086 1327 1207 1361 boriali
1230 1348 1236 1353 -
1259 1327 1350 1373 quod
1371 1327 1508 1374 quidem
1528 1334 1705 1362 tenemen·

243 1394 314 1422 tum
341 1387 405 1421 fuit
431 1387 614 1434 aliquando
637 1408 642 1413 ·
667 1387 772 1433 Alanj
804 1387 1019 1434 Rankynson
1047 1387 1232 1434 burgensis
1259 1396 1295 1423 et
1314 1388 1399 1423 ciuis
1417 1389 1461 1424 de
1483 1388 1621 1435 Glasgu
1642 1410 1648 1415 ·
1672 1396 1707 1424 et

244 1449 334 1495 quod
365 1454 602 1483 tenementum
633 1448 746 1483 dictus
776 1448 874 1482 Prior
905 1448 948 1483 de
981 1448 1150 1495 Blantyre
1177 1462 1196 1483 a
1223 1449 1315 1483 dicto
1337 1450 1452 1484 Alano
1483 1450 1566 1484 emit
1584 1457 1622 1484 vt
1640 1450 1705 1497 ipsi

246 1509 343 1543 Prior
372 1515 406 1543 et
429 1509 561 1544 Alanus
586 1509 815 1544 asserebant·
840 1509 1048 1544 Tenendum
1077 1516 1112 1544 et
1142 1509 1338 1544 habendum
1370 1510 1497 1545 dictum
1527 1517 1706 1546 tenemen—

243 1576 314 1604 tum
334 1583 409 1604 cum
425 1570 582 1604 omnibus
598 1576 632 1604 et
651 1569 796 1616 singulis
811 1570 1038 1617 pertinencijs
1053 1570 1207 1605 eiusdem
1224 1571 1324 1606 dictis
1341 1571 1520 1606 Fratribus
1536 1573 1569 1606 in
1585 1585 1704 1619 puram

244 1637 279 1665 et
317 1637 520 1678 perpetuam
560 1631 783 1665 elemosinam
822 1631 1073 1678 imperpetuum
1104 1652 1110 1658 -
1137 1631 1248 1667 libere
1270 1653 1277 1659 ·
1300 1633 1416 1679 quiete
1439 1654 1445 1659 ·
1467 1633 1558 1668 bene
1598 1640 1632 1668 et
1671 1633 1704 1668 in

243 1705 327 1739 pace
354 1713 361 1718 -
390 1692 588 1727 Reddendo
615 1692 696 1727 inde
723 1692 899 1726 annuatim
926 1692 1023 1726 firma
1048 1692 1164 1727 debita
1192 1693 1330 1727 domino
1358 1693 1532 1741 Episcopo
1555 1694 1705 1742 Glasgu-1

245 1753 318 1787 ensi
337 1753 394 1799 qui
413 1766 476 1800 pro
494 1759 650 1800 tempore
668 1753 775 1788 fuerit
792 1759 827 1788 et
845 1752 911 1788 alia
928 1753 972 1787 de
991 1753 1084 1788 dioto
1101 1759 1306 1788 tenemento
1324 1754 1440 1789 debita
1459 1761 1494 1789 et
1512 1764 1678 1791 consueta
1699 1775 1706 1782 ·

245 1813 354 1848 Cuius
380 1814 571 1849 tenementi
599 1814 852 1861 possessionem
877 1835 882 1840 -
906 1820 941 1849 et
968 1814 1138 1861 saysinam
1167 1815 1279 1850 dictus
1308 1815 1407 1849 Prior
1434 1816 1476 1850 de
1509 1816 1703 1863 Blantyre·

243 1875 385 1909 tradidit
408 1881 444 1910 et
461 1875 550 1910 tradi
568 1875 650 1910 fecit
676 1888 738 1922 per
756 1882 884 1910 terram
911 1882 947 1910 et
974 1875 1106 1923 lapides
1132 1882 1170 1910 vt
1197 1883 1249 1911 est
1276 1877 1379 1911 moris
1401 1897 1407 1903 ·
1430 1877 1543 1911 Fratri
1573 1877 1706 1914 Jacobo

244 1935 345 1982 Boyd
367 1957 372 1962 ·
398 1936 509 1971 Priori
528 1936 620 1971 dicte
639 1936 760 1971 domus
780 1936 1041 1971 Predicatorum
1069 1937 1207 1972 nomine
1227 1944 1420 1973 conuentus
1439 1938 1593 1973 eiusdem
1615 1960 1620 1965 -
1643 1951 1707 1986 per

242 1996 438 2031 Johannem
454 1997 651 2043 Wyschard
665 2003 747 2031 tunc
761 1997 926 2032 balliuum
941 1997 984 2032 de
1003 1997 1138 2044 Glasgv
1156 2007 1165 2035 Ι
1184 1999 1296 2044 Super
1310 1999 1433 2045 quibus
1452 1999 1564 2034 dictus
1583 1999 1706 2035 Frater

242 2056 393 2092 Jacobus
421 2056 522 2103 Boyd
540 2057 646 2104 pecijt
664 2071 683 2092 a
699 2070 754 2093 me
773 2058 907 2093 notario
926 2058 991 2093 sibi
1008 2059 1083 2093 fieri
1102 2059 1276 2106 publicum
1296 2060 1562 2095 instrumentum
1584 2081 1590 2087 ·
1615 2061 1707 2096 Acta

242 2116 384 2150 fuerunt
412 2117 477 2152 hec
515 2118 550 2152 in
581 2118 673 2153 dicta
712 2119 852 2154 ciuitate
887 2119 1102 2166 Glasguensi
1130 2141 1135 2146 -
1164 2119 1392 2155 Presentibus
1422 2121 1514 2156 dicto
1543 2121 1704 2158 Johanne

245 2176 461 2223 Wyscharde
484 2199 489 2204 ·
514 2178 720 2213 Alexandro
747 2179 790 2214 de
818 2179 1099 2226 Brownyswalde
1126 2181 1262 2215 balliuis
1294 2202 1300 2208 ·
1336 2181 1492 2216 Henrico
1520 2178 1704 2217 Michaelis

242 2237 265 2274 J
268 2237 402 2272 ohanne
422 2238 465 2272 de
483 2238 566 2272 Dun
583 2245 618 2273 et
635 2239 804 2274 Nicholao
819 2240 924 2286 Bully
941 2253 1018 2275 cum
1036 2241 1152 2276 multis
1166 2241 1241 2288 alijs
1262 2242 1492 2289 burgensibus
1506 2242 1549 2277 de
1568 2242 1704 2290 Glasgu

244 2298 392 2333 testibus
413 2319 419 2324 ·
441 2298 601 2334 Johanne
637 2300 680 2334 de
717 2300 856 2346 Hawyk
892 2301 1087 2346 presbitero
1121 2301 1354 2349 Glasguensis
1389 2302 1537 2337 diocesis
1571 2303 1703 2337 notario

248 2359 385 2405 publico
407 2379 412 2384 ·
