1922 2764
277 275 363 309 lxxii
816 274 923 309 THE
950 273 1198 309 PREFACE.
1517 271 1736 322 [Appssmmx

276 373 324 401 xl'?
337 381 402 402 oves
416 372 552 401 videlicet
565 373 633 410 :cyjj‘z
648 373 683 410 ⁰f
698 372 785 410 sokeip
807 387 811 392 ·
835 373 910 400 ITEM
931 372 1141 410 quinquaginta
1165 381 1252 410 agnos
1275 375 1304 400 et
1325 380 1375 400 sex
1398 380 1499 399 vaccas
1522 374 1551 398 et
1573 369 1739 406 octuaginta

277 439 399 472 quatuor
412 434 499 463 libras
510 434 560 472 xiij
574 434 678 463 solidos
694 434 736 472 iiij
753 434 884 463 denarios
893 438 1007 463 monete
1018 434 1128 463 usualis
1138 434 1218 471 regni
1234 434 1331 463 Scotie
1347 449 1351 454 ·
1369 434 1403 461 In
1413 432 1548 471 parochia
1559 432 1592 460 de
1609 431 1737 460 Eistwod

277 498 311 526 de
326 497 445 527 diversis
459 498 543 527 annis
557 497 587 526 xl
600 498 687 526 libras
702 511 707 516 ·

796 686 899 714 Debita
913 695 968 723 que
983 685 1122 714 debentur
1136 684 1200 713 aliis
1215 700 1220 705 -

279 809 384 838 Fateor
405 819 452 838 me
470 809 602 838 habuisse
624 819 642 838 a
664 810 808 847 quondam
830 809 985 839 venerabili
1007 809 1068 838 viro
1089 809 1228 847 magistro
1253 809 1393 838 Rollando
1417 810 1559 838 Blacader
1579 809 1741 838 subdecano

280 871 449 909 Glasgueusi
464 871 601 900 tricentas
615 872 702 900 libras
715 876 829 901 monete
838 872 875 900 ad
885 871 1095 901 edificationem
1110 871 1261 909 cujusdam
1277 872 1445 909 Monasterij
1461 872 1567 902 Sancte
1578 871 1740 900 Katheriue

278 934 312 963 de
336 934 419 963 Senis
440 935 593 964 edificandi
613 944 700 973 prope
723 935 884 963 Ecclesiam
902 935 1006 964 Sancte
1025 935 1129 963 Tenew
1148 944 1234 972 prope
1249 934 1398 963 civitatem
1413 935 1623 972 Glasguensem
1642 939 1671 963 et
1684 944 1740 963 non

277 997 360 1025 aliter
374 1007 466 1035 neque
480 997 537 1026 alio
551 998 634 1026 modo
651 1015 657 1021 ·
698 998 740 1026 Et
753 997 887 1026 similiter
900 997 978 1026 idem
992 998 1136 1035 quondam
1152 997 1292 1034 Magister
1308 997 1456 1026 Rolandus
1471 996 1640 1026 deliberavit
1653 997 1742 1026 michi

277 1063 394 1087 centum
414 1059 501 1088 libras
521 1060 558 1088 ad
581 1060 793 1089 edificationem
816 1060 966 1098 cujusdam
988 1059 1147 1098 Hospitalis
1167 1069 1253 1098 prope
1270 1059 1433 1088 Ecclesiam
1449 1059 1637 1096 Collegiatam
1652 1060 1742 1088 Beate

279 1122 370 1151 Marie
385 1123 459 1151 infra
472 1133 568 1152 muros
582 1123 708 1153 civitatis
724 1123 909 1161 Glasguensis
921 1138 925 1143 ·
935 1133 1005 1161 quas
1019 1132 1146 1151 summas
1159 1122 1222 1160 lego
1237 1122 1373 1151 interesse
1388 1122 1559 1152 habentibus
1575 1138 1579 1143 ·

279 1310 353 1339 Cum
379 1310 470 1339 nichil
496 1312 534 1340 sit
561 1312 667 1340 certius
694 1316 785 1341 morte
813 1321 866 1341 nec
894 1311 1033 1341 incertius
1061 1312 1123 1349 ejus
1150 1312 1221 1340 hora
1250 1311 1317 1339 hinc
1351 1315 1394 1339 est
1423 1311 1498 1348 quod
1524 1320 1577 1348 ego
1604 1310 1742 1348 magister

279 1373 403 1401 Jacobus
420 1374 568 1403 Houstone
589 1374 766 1403 subdecanus
787 1374 973 1412 Glasguensis
993 1384 1078 1403 sanus
1099 1377 1195 1403 mente
1210 1373 1279 1402 licet
1299 1382 1366 1411 eger
1384 1382 1500 1411 corpore
1522 1372 1640 1411 cupiens
1665 1372 1741 1401 diem

277 1445 408 1473 supreme
417 1445 479 1464 mee
490 1436 729 1474 peregrinationis
740 1437 957 1466 testamentaria
971 1436 1155 1474 dispositione
1169 1436 1308 1473 prendere
1322 1435 1412 1464 condo
1422 1438 1629 1464 testamentum
1643 1444 1740 1463 meum

278 1497 308 1526 in
322 1499 398 1526 hunc
413 1503 581 1536 sequentem
601 1500 718 1528 modum
734 1515 738 1520 -
782 1499 918 1537 Inprimis
933 1499 968 1528 do
983 1504 1012 1527 ct
1025 1499 1089 1536 lego
1103 1498 1229 1526 animam
1249 1507 1344 1526 meam
1360 1498 1419 1526 Deo
1435 1496 1632 1535 Omnipotenti
1649 1497 1740 1525 Beate

281 1561 374 1590 Mai-ie
390 1561 505 1599 Virgini
525 1566 555 1590 et
569 1562 622 1591 toti
643 1562 740 1591 celesti
755 1562 833 1591 curie
852 1562 1043 1600 triumphanti
1057 1571 1215 1599 corpusque
1237 1570 1334 1589 meum
1350 1560 1546 1598 sepeliendum
1560 1560 1619 1588 foro
1635 1559 1664 1588 in
1678 1569 1744 1588 mea

282 1623 414 1652 Ecclesia
433 1624 592 1662 Collegiata
613 1634 664 1662 per
683 1634 729 1653 me
750 1625 901 1653 fundatam
922 1625 953 1653 in
973 1624 1089 1653 civitate
1111 1623 1283 1661 Glasguensi
1298 1634 1304 1640 ·
1321 1628 1349 1651 et
1370 1622 1497 1660 quinque
1512 1622 1614 1651 solidos
1634 1622 1743 1650 fabrice

284 1687 385 1716 Sancti
401 1687 576 1725 Kentigerni
597 1704 602 1710 ⁴
625 1688 700 1716 ITEM
722 1688 865 1717 constituo
886 1692 915 1716 et
935 1687 1035 1716 ordino
1051 1696 1129 1715 meos
1150 1690 1315 1715 executores
1328 1685 1462 1714 videlicet
1475 1685 1626 1722 magistros
1641 1684 1744 1713 Archi-

278 1749 395 1778 baldum
417 1750 565 1779 Grawfurd
588 1755 730 1779 rectorem
751 1751 785 1779 de
809 1750 977 1788 Eglishame
999 1750 1163 1778 Johannem
1186 1749 1339 1777 Houstoun
1359 1747 1500 1776 vicarium
1522 1747 1557 1775 de
1580 1745 1694 1784 Dunlop
1715 1750 1744 1774 et

283 1812 434 1841 Matheum
463 1813 596 1850 Fleming
618 1813 760 1842 vicarium
787 1813 822 1841 de
849 1812 1023 1850 Ruthirglen
1047 1816 1081 1840 ut
1102 1811 1156 1849 ipsi
1180 1811 1333 1848 disponant
1355 1810 1389 1838 de
1413 1809 1495 1838 bonis
1518 1813 1547 1837 et
1568 1809 1652 1837 rebus
1671 1808 1744 1836 meis

282 1877 439 1905 secundum
460 1886 559 1906 eorum
579 1877 769 1906 conscientias
789 1886 822 1905 ac
843 1880 928 1914 prout
948 1876 989 1905 eis
1009 1875 1113 1904 melius
1127 1875 1242 1904 videtur
1260 1884 1311 1912 pro
1332 1874 1422 1902 salute
1443 1872 1538 1902 anime
1559 1881 1621 1900 mee
1643 1886 1648 1890 ·
1671 1872 1744 1900 Volo

282 1939 485 1968 nichilominus
500 1944 529 1969 et
539 1940 682 1969 constituo
692 1940 768 1978 quod
782 1939 930 1978 dispositio
944 1943 974 1967 et
988 1937 1163 1967 intromissio
1172 1946 1301 1966 meorum
1315 1937 1455 1965 bonorum
1469 1935 1508 1963 sit
1521 1944 1607 1972 penes
1621 1934 1744 1972 prefatos

284 2002 437 2039 Magistros
452 2002 470 2031 J
472 2003 613 2031 ohannem
628 2007 657 2031 et
672 2003 824 2031 Matheum
838 2006 867 2031 et
881 2001 957 2040 quod
970 2005 1089 2030 utantur
1103 2000 1220 2030 consilio
1234 1999 1338 2038 prefati
1354 1998 1488 2036 Magistri
1504 1997 1672 2026 Archibaldi
1687 2011 1692 2016 ·

947 2190 1068 2229 Legatia
1079 2207 1084 2212 ·

288 2315 422 2354 Inprimis
436 2316 500 2354 lego
516 2316 656 2354 Magistro
672 2316 844 2345 Archibaldo
861 2316 1010 2346 Crawfurd
1029 2325 1093 2344 meo
1115 2315 1209 2344 amico
1223 2313 1463 2343 confidentissimo
1477 2311 1528 2340 xx‘?
1547 2311 1634 2340 libras
1649 2326 1654 2331 ·
1671 2310 1745 2338 Item
