1922 2764
217 238 283 269 llO
538 232 692 268 LIBER
718 232 966 268 ECCLESIE
996 231 1335 268 COLLEGIATE

211 330 270 365 tali
288 329 441 376 partibus
458 338 466 366 Ι
484 329 571 364 Item
590 329 632 363 ad
651 341 754 363 vnum
773 335 1007 364 tenementum
1029 341 1104 364 cum
1123 335 1198 363 orto
1217 328 1370 363 eiusdem
1390 333 1549 373 spectans
1565 327 1664 361 Will-

213 390 301 425 elmo
317 390 510 424 Brovnside
525 390 657 424 debens
671 390 844 424 annuatim
860 389 984 436 viginti
999 390 1126 424 solidos
1141 388 1245 423 annui
1264 388 1421 422 redditus
1436 387 1556 434 jacens
1574 388 1666 422 inter

211 458 322 486 terras
337 450 519 485 Michaelis
536 450 724 497 Lyndesay
740 463 784 485 ex
799 450 957 485 orientali
972 456 1007 484 et
1022 448 1207 484 Cuthberti
1222 448 1387 482 Blakwod
1401 460 1445 482 ex
1461 448 1666 482 occidentali

211 511 366 558 partibus
383 519 391 547 l
408 511 494 546 Item
514 511 557 545 ad
575 523 679 545 vnum
695 511 857 545 horreum
876 522 952 544 eum
968 517 1043 544 orto
1058 515 1093 543 et
1108 508 1329 555 pertinentiis
1348 514 1507 555 spectans
1527 508 1665 543 domino

214 571 360 606 Valtero
385 571 632 606 Dunslesoune
660 571 791 605 debens
819 570 993 604 annuatim
1017 569 1197 603 duodecim
1226 569 1353 603 solidos
1379 569 1482 603 annui
1510 569 1666 603 redditus

215 630 363 678 [jacens]
385 632 475 666 inter
493 637 603 666 terras
623 631 806 665 Michaelis
826 629 1015 676 Lyndesay
1031 642 1075 664 ex
1093 629 1299 664 occidentali
1318 635 1353 664 et
1370 635 1480 664 terras
1495 629 1666 675 quondam

210 692 379 728 Johannis
401 692 528 726 Godde
548 704 591 726 ex
610 691 767 726 orientali
786 691 941 737 partibus
958 699 966 726 Ι
983 690 1071 724 Item
1090 690 1133 724 ad
1151 690 1218 724 duo
1236 690 1361 725 horrea
1382 690 1416 724 in
1435 690 1480 724 lie
1503 689 1666 724 Stokwoll

208 752 360 798 jacentia
374 765 476 786 vnum
492 765 609 786 eorum
626 757 784 798 spectans
799 750 949 786 Johanni
967 750 1139 796 Rankyne
1157 759 1165 786 l
1181 750 1345 785 videlicet
1361 760 1369 787 Ι
1386 750 1533 785 australe
1548 750 1666 785 horre-

212 825 267 846 um
287 812 333 847 Et
350 813 490 847 boreale
504 813 663 846 horreum
684 817 843 858 spectans
859 811 1035 845 Willelmo
1057 811 1157 845 Stark
1172 811 1335 845 debentia
1353 810 1525 845 annuatim
1545 811 1666 845 decem

212 873 339 908 solidos
358 873 461 907 annui
480 872 635 907 redditus
652 872 803 918 jacentia
816 871 907 906 inter
922 877 1032 906 terras
1047 872 1218 918 quondam
1233 871 1386 906 Gilberti
1404 871 1605 905 Auldcorne
1621 884 1665 905 ex

211 934 341 968 boreali
361 939 395 968 et
413 939 523 968 terras
542 932 731 979 capellanie
745 932 888 966 fundate
907 944 969 978 per
984 932 1153 978 quondam
1174 931 1347 966 dominum
1363 930 1531 965 Thomam
1551 930 1665 977 Leyss

211 994 245 1028 in
267 993 405 1029 Cadder
424 1006 468 1027 ex
487 993 626 1027 australi
652 993 808 1039 partibus
824 1000 833 1028 l
850 992 938 1026 Item
957 992 998 1026 ad
1018 992 1086 1026 duo
1104 992 1169 1026 alia
1186 992 1312 1026 horrea
1329 991 1491 1037 contigue
1515 991 1667 1038 jacentia

210 1054 245 1088 in
277 1054 313 1100 ly
343 1053 504 1088 Stokwoll
532 1053 695 1087 debentia
725 1052 900 1086 annuatim
927 1052 1185 1099 quatuordecim
1217 1053 1344 1086 solidos
1375 1052 1479 1086 annui
1508 1051 1665 1086 redditus

207 1114 358 1160 jacentia
383 1114 473 1148 inter
500 1120 610 1147 terras
629 1113 799 1160 quondam
821 1113 986 1147 Willelmi
1016 1113 1226 1147 Robesoune
1254 1125 1299 1147 ex
1325 1112 1467 1147 australi
1494 1118 1528 1146 et
1555 1118 1665 1147 terras

209 1175 397 1221 capellanie
416 1174 558 1208 fundate
585 1186 647 1220 per
666 1174 794 1208 dictum
813 1173 892 1207 olim
916 1173 1084 1208 Thomam
1113 1173 1227 1220 Leyss
1255 1186 1299 1208 ex
1324 1173 1456 1207 boreali
1483 1173 1664 1219 partibus!

211 1235 298 1269 Item
326 1235 367 1269 ad
396 1247 498 1268 vnum
526 1240 762 1268 tenementum
792 1233 962 1270 Johannis
992 1233 1187 1269 Johnstone
1215 1233 1334 1279 jacens
1361 1233 1395 1266 in
1426 1233 1471 1267 lie
1503 1233 1667 1267 Stokwoll

211 1295 342 1329 debens
373 1294 547 1329 annuatim
579 1294 768 1328 octodecim
802 1294 928 1328 solidos
960 1293 1063 1328 annui
1096 1294 1252 1328 redditus
1283 1293 1404 1340 jacens
1434 1293 1525 1328 inter
1556 1299 1666 1328 terras

209 1355 378 1401 quondam
401 1355 516 1389 Dauid
536 1355 749 1389 Moresoune
778 1367 823 1389 ex
848 1354 980 1389 boreali
999 1360 1034 1389 et
1052 1360 1163 1388 terras
1182 1354 1262 1388 olim
1286 1353 1447 1388 Willelmi
1476 1353 1603 1400 Layng
1621 1366 1665 1388 ex

209 1415 349 1450 australi
380 1416 533 1462 partibus
560 1424 569 1452 Ι
596 1415 684 1450 Item
715 1415 758 1449 ad
788 1427 892 1449 vnum
923 1415 1085 1449 horreum
1113 1420 1273 1461 spectans
1304 1413 1455 1450 ,Iohanni
1485 1414 1598 1448 VVann
1630 1415 1665 1448 in

211 1475 335 1522 Longa
354 1476 475 1511 Crosta
499 1476 630 1510 debens
657 1476 831 1510 annuatim
859 1481 936 1510 octo
963 1475 1090 1510 solidos
1117 1475 1221 1509 annui
1248 1475 1405 1509 redditus
1429 1475 1549 1521 jacens
1574 1475 1666 1510 inter

208 1541 319 1571 terras
338 1537 465 1570 domini
486 1536 629 1570 Martini
650 1536 741 1570 Reid
759 1549 803 1570 ex
823 1536 981 1570 orientali
1000 1542 1035 1570 et
1054 1535 1193 1570 Patricii
1214 1535 1424 1570 Androsone
1444 1547 1488 1570 ex
1507 1536 1665 1570 occiden-

211 1596 269 1631 tali
300 1597 454 1643 partibus
471 1605 479 1632 l
498 1596 585 1630 Item
613 1596 654 1630 ad
686 1608 790 1630 vnum
820 1608 985 1642 aggerem
1012 1601 1105 1630 terre
1133 1596 1306 1642 jacentem
1335 1595 1369 1630 in
1398 1595 1521 1642 Longa
1545 1596 1666 1631 Crofta

211 1662 422 1704 spectantem
443 1657 612 1703 quondam
632 1655 835 1690 Florentino
855 1655 956 1702 Boyd
970 1656 1155 1690 debentem
1174 1655 1346 1690 annuatim
1367 1655 1518 1702 quinque
1538 1656 1665 1690 solidos

210 1717 313 1752 annui
332 1718 487 1752 redditus
502 1717 675 1764 jacentem
693 1716 784 1751 inter
803 1722 913 1750 terras
928 1716 1098 1762 quondam
1118 1715 1234 1750 Dauid
1255 1715 1429 1750 Menteith
1445 1727 1488 1750 ex
1507 1715 1665 1750 occiden-

208 1777 267 1812 tali
286 1783 322 1812 et
340 1777 490 1812 Mariote
513 1777 617 1823 Gayn
645 1789 689 1811 ex
716 1776 874 1811 orientali
891 1785 900 1812 l
917 1776 1005 1810 Item
1032 1777 1074 1811 ad
1100 1789 1206 1811 vnum
1232 1781 1468 1811 tenementum
1491 1776 1663 1822 quondam

210 1838 344 1872 Thome
364 1837 455 1872 Park
477 1838 597 1884 jacens
621 1849 728 1884 prope
750 1836 887 1871 Portam
907 1835 1169 1871 Occidentalem
1189 1836 1321 1870 debens
1347 1836 1522 1870 annuatim
1541 1836 1661 1870 decem

209 1898 335 1933 solidos
367 1898 470 1932 annui
500 1897 656 1932 redditus
691 1897 811 1943 jacens
841 1897 932 1931 inter
963 1903 1073 1931 terras
1101 1897 1183 1931 dicti
1210 1896 1382 1943 quondam
1409 1896 1544 1930 Thome
1574 1896 1664 1930 Park

210 1972 254 1994 ex
280 1959 483 1994 occidentali
512 1964 546 1993 et
572 1964 683 1993 terras
709 1957 838 1992 domini
866 1957 984 1992 Dauid
1010 1957 1199 1992 Massoune
1228 1970 1271 1992 ex
1298 1957 1457 1992 orientali
1486 1956 1664 2007 partibus!

209 2020 297 2054 Item
316 2020 358 2054 ad
377 2020 460 2053 duas
475 2032 569 2053 acras
588 2025 681 2053 terre
698 2018 854 2065 jacentes
873 2018 1037 2064 contigue
1056 2018 1090 2052 in
1111 2018 1155 2053 lie
1177 2017 1425 2064 Provandsyde
1445 2017 1536 2052 inter
1555 2022 1665 2051 terras

208 2079 396 2126 capellanie
426 2080 541 2114 Sancti
571 2079 777 2125 Kentigerni
804 2078 839 2112 in
868 2078 975 2113 Bassa
1003 2078 1161 2113 Ecclesia
1187 2091 1231 2113 ex
1258 2077 1463 2113 occidentali
1491 2083 1526 2112 et
1554 2083 1665 2112 terras

209 2139 290 2173 dicti
308 2139 462 2185 magistri
479 2139 500 2175 J
504 2139 600 2174 acobi
619 2139 808 2173 fundatoris
835 2151 879 2173 ex
906 2139 1065 2174 orientali
1092 2139 1247 2186 partibus
1263 2147 1272 2175 l
1290 2139 1377 2173 Item
1404 2138 1447 2172 ad
1466 2138 1549 2172 duas
1568 2150 1664 2172 acras

209 2205 301 2234 terre
325 2199 481 2245 jacentes
507 2200 541 2233 in
568 2199 603 2245 ly
623 2200 803 2234 Deneside
830 2199 921 2234 inter
948 2206 1059 2234 terras
1078 2200 1267 2247 capellanie
1298 2199 1413 2235 Sancti
1442 2199 1602 2234 Nicholai
1628 2199 1663 2232 in

209 2259 288 2293 naui
303 2259 449 2293 ecclesie
468 2258 696 2306 Glasguensis
715 2272 759 2293 ex
778 2259 984 2294 occidentali
1004 2266 1038 2295 et
1056 2267 1166 2295 terras
1183 2260 1371 2307 capellanie
1394 2260 1509 2295 Sancti
1529 2259 1662 2294 Thome
