1922 2764
631 259 847 295 ORDINIS
878 257 1314 295 PREDICATORUM.
1638 267 1699 303 191

235 369 353 415 uentuj
375 381 509 403 necnon
530 381 647 404 eorum
668 369 926 404 successoribus
952 369 1009 416 qui
1037 382 1098 416 pro
1118 376 1274 416 tempore
1292 370 1425 405 fuerint
1447 371 1488 405 ad
1517 371 1602 406 duos
1621 374 1700 419 annj

234 430 400 464 terminos
420 437 605 465 consuetos
624 431 736 466 silicet
755 431 860 466 Festa
876 431 1092 466 Penticostes
1112 437 1147 466 et
1164 432 1280 467 b'ancti
1302 432 1445 467 Martini
1466 434 1498 467 iu
1520 447 1620 480 yeme
1638 448 1702 482 per

235 490 376 536 equales
390 490 574 537 porciones
589 492 765 526 annuatim
781 492 1034 539 imperpetuum
1050 492 1226 527 soluendis
1265 492 1427 528 Aceciam
1448 494 1560 529 dictus
1579 496 1702 543 magis-

234 558 288 585 ter
306 551 482 586 Robertus
497 551 663 587 Forester
678 553 822 588 firmiter
836 553 993 600 promisit
1007 559 1043 588 et
1055 553 1206 588 fideliter
1219 554 1284 588 fuit
1302 555 1474 601 obligatus
1490 555 1651 591 edificare
1667 565 1703 592 et

234 619 437 648 construere
458 626 557 648 vnam
577 620 710 660 portam
730 621 766 649 et
783 615 961 649 introitum
981 615 1101 649 subtus
1120 628 1215 649 suam
1230 615 1487 650 edificacionem
1504 624 1701 664 competen-

233 680 303 708 tem
322 681 358 708 et
376 675 601 709 sufficientem
622 675 655 709 in
676 688 737 710 suo
756 675 899 710 introitu
919 682 954 710 et
972 675 1068 710 exitu
1083 676 1124 710 ad
1144 676 1336 711 Ecclesiam
1352 677 1520 712 dictorum
1541 677 1701 713 Fratrum

234 735 422 769 secundum
451 735 559 770 visum
587 736 738 770 virorum
766 737 1092 783 circumspectorum
1119 758 1125 763 ·
1153 750 1227 772 cum
1255 738 1400 773 fenistra
1431 739 1473 773 ad
1505 740 1700 786 ymaginem

234 795 343 830 Beate
364 796 478 831 Marie
498 796 658 842 Virginis
677 797 719 831 ad
738 798 992 844 beneplacitum
1012 798 1181 832 dictorum
1203 799 1332 834 Prioris
1351 806 1386 834 et
1404 807 1598 835 conuentus
1616 801 1701 836 inibi

233 857 468 892 collocandam
512 858 661 905 Insuper
681 871 765 893 vero
797 859 973 894 edificacio
1001 865 1036 894 et
1054 849 1265 895 constructio
1293 873 1396 907 supra
1414 861 1539 896 dictam
1566 869 1700 909 portam

232 918 425 953 continebit
444 919 601 966 equalem
621 919 837 954 latitudinem
858 920 946 954 sicut
973 927 1208 955 tenementum
1237 921 1344 968 ipsius
1374 923 1530 969 magistri
1552 923 1697 971 Robertj

233 978 399 1014 Forester
418 979 574 1014 continet
602 979 634 1014 in
654 980 947 1015 constructionem
976 981 1130 1016 eiusdem
1188 982 1297 1017 Cuius
1324 983 1463 1029 quidem
1489 990 1582 1019 terre
1611 985 1700 1020 sicut

228 1040 321 1085 jacet
334 1041 368 1074 in
389 1040 608 1087 longitudine
625 1048 661 1075 et
675 1041 856 1076 latitudine
872 1054 948 1076 cum
961 1043 1118 1077 omnibus
1133 1043 1433 1078 commoditatibus
1448 1045 1646 1081 asiam‘entis
1661 1059 1700 1081 ac

228 1102 331 1147 justis
351 1102 420 1136 suis
440 1102 667 1149 pertinencijs
687 1102 950 1150 quibuscunque
973 1124 979 1130 ·
1003 1104 1095 1139 dicta
1112 1111 1212 1151 porta
1231 1105 1331 1140 dictis
1352 1105 1463 1139 Priori
1484 1113 1519 1141 et
1537 1119 1599 1141 suo
1618 1121 1698 1142 con-

231 1163 350 1209 uentuj
373 1176 507 1198 necnon
536 1163 694 1198 omnibus
723 1163 797 1198 aliis
826 1163 897 1211 Xpi
924 1165 1084 1200 fidelibus
1111 1178 1173 1212 pro
1192 1167 1363 1200 communi
1383 1167 1527 1202 introitu
1547 1174 1582 1202 et
1601 1169 1698 1204 exitu

231 1231 268 1258 vt
286 1224 414 1259 dictum
435 1231 488 1259 est
506 1232 743 1272 congruenter
763 1231 798 1260 et
816 1226 996 1272 placenter
1015 1226 1174 1261 edificata
1200 1228 1406 1274 periinpleta
1433 1235 1468 1263 et
1493 1236 1699 1265 conseruata

232 1292 269 1320 vt
287 1286 491 1332 premissum
512 1292 566 1321 est
588 1308 594 1313 -
617 1286 794 1334 predictus
812 1287 991 1323 ,Iohannes
1009 1287 1129 1334 Smyth
1148 1287 1246 1322 Prior
1264 1288 1407 1323 tradidit
1425 1289 1517 1324 dicto
1532 1290 1697 1337 magistro

233 1347 390 1381 Roberto
410 1347 575 1382 Forester
595 1354 719 1382 statum
740 1354 776 1382 et
796 1348 955 1382 saisinam
975 1349 1162 1383 earundem
1182 1355 1352 1384 terrarum
1371 1350 1558 1385 heredibus
1574 1351 1643 1386 suis
1663 1358 1698 1387 et

230 1409 300 1442 suis
319 1408 503 1454 assignatis
522 1409 555 1443 in
576 1409 679 1444 feodo
699 1415 734 1444 et
759 1409 955 1444 hereditate
986 1409 1239 1456 imperpetuum
1270 1423 1332 1457 per
1350 1410 1516 1446 Jacobum
1552 1412 1699 1448 Stewart

230 1477 313 1504 tunc
344 1470 510 1517 temporis
542 1483 645 1504 vnum
674 1470 878 1504 balliuorum
907 1470 1058 1505 ciuitatis
1088 1470 1245 1517 predicte
1292 1471 1403 1518 Super
1434 1472 1558 1518 quibus
1585 1473 1697 1508 dictus

230 1531 395 1578 magister
411 1531 590 1566 Robertus
609 1531 715 1579 peciit
729 1544 748 1566 a
761 1544 815 1566 me
831 1531 965 1565 notario
984 1531 1121 1579 publico
1137 1532 1331 1579 subscripto
1350 1533 1412 1579 sibj
1429 1533 1503 1567 fieri
1523 1534 1696 1580 publicum

230 1593 498 1628 instrumentum
543 1592 610 1629 Cui
628 1593 861 1628 instrumento
880 1593 992 1627 dictus
1010 1593 1175 1639 magister
1196 1593 1372 1628 Robertus
1391 1607 1571 1630 commune
1603 1596 1696 1643 sigil-

229 1654 298 1688 lum
319 1655 410 1689 dicte
431 1655 580 1689 ciuitatis
603 1654 836 1701 Glasguensis
855 1666 1000 1688 vnacum
1021 1654 1135 1700 sigillo
1154 1654 1321 1688 dictorum
1344 1654 1473 1689 Prioris
1492 1662 1528 1689 et
1545 1668 1695 1690 conuen-

229 1721 284 1749 tus
304 1715 463 1750 Fratrum
484 1716 717 1762 predictorum
739 1728 801 1762 pro
820 1715 948 1749 maiore
969 1715 1154 1749 securitate
1174 1715 1418 1761 premissorum
1437 1728 1500 1762 pro
1524 1723 1695 1762 perpetuo

232 1788 470 1810 remansurum
490 1776 615 1822 apponi
631 1789 707 1811 cum
727 1776 895 1810 instancia
912 1775 1112 1822 procurauit
1152 1776 1244 1810 Acta
1262 1782 1361 1810 erant
1379 1776 1444 1810 hec
1463 1789 1567 1823 super
1586 1777 1693 1812 solum

231 1835 397 1870 dictarum
442 1843 610 1870 terrarum
683 1836 909 1871 Presentibus
952 1836 1078 1870 ibidem
1122 1835 1283 1871 (Iohanne
1329 1836 1475 1870 Stewart
1517 1838 1694 1884 preposito

230 1897 390 1933 Johanne
413 1897 556 1944 Robertj
578 1898 705 1932 balliuo
751 1897 907 1942 Georgio
929 1897 1092 1943 Hugonis
1135 1896 1270 1931 Thoma
1289 1897 1331 1931 de
1352 1897 1528 1932 Menteith
1568 1899 1693 1933 Archi-

230 1958 332 1992 baldo
353 1958 520 2004 Herbertj
567 1958 781 1992 Archibaldo
798 1957 983 1992 Witschaw
1027 1958 1049 1993 J
1053 1957 1187 1992 ohanne
1208 1957 1374 1992 Raburne
1417 1958 1578 1993 Johanne
1600 1959 1693 1994 Ran—

230 2019 287 2053 kin
316 2019 413 2053 fabro
440 2026 476 2053 et
503 2019 638 2053 Thoma
666 2019 784 2054 Kerde
812 2031 888 2053 cum
923 2018 1038 2053 multis
1078 2018 1153 2064 alijs
1180 2018 1412 2064 burgensibus
1440 2025 1475 2053 et
1501 2019 1634 2054 ciuibus
1649 2021 1692 2055 de

234 2079 375 2127 Glasgw
412 2080 557 2114 testibus
588 2101 594 2106 ·
629 2081 789 2116 Johanne
825 2079 1009 2114 Michaelis
1045 2079 1240 2126 presbitero
1278 2079 1509 2126 Glasguensis
1544 2081 1692 2116 diocesis

230 2141 363 2175 notario
382 2141 518 2187 publico
541 2162 546 2167 ·
