1922 2764
626 222 665 256 B.
697 222 742 256 V.
774 221 941 256 MARIE
970 221 1038 255 ET
1067 223 1100 256 S.
1130 222 1289 258 ANNE.
1618 231 1684 266 129

224 321 363 355 testium
381 320 652 368 subscriptorum
679 319 856 368 presentia
881 319 1112 366 personaliter
1131 320 1338 354 constitutus
1357 321 1527 357 discretus
1546 323 1598 357 vir
1617 337 1683 358 ma-

222 382 332 428 gister
351 381 525 416 Martinus
546 381 713 416 Hommill
732 380 886 415 existens
909 380 942 413 in
968 385 1059 414 statu
1078 385 1113 414 et
1132 380 1257 414 saisina
1276 381 1375 415 vnius
1395 384 1584 418 tenementi
1603 391 1682 419 ante

223 448 258 476 et
276 448 370 476 retro
393 442 540 488 jacentis
567 443 600 476 in
628 442 685 476 via
710 454 776 488 que
803 440 898 475 ducit
916 453 936 474 a
955 440 1060 475 Porta
1079 440 1236 475 Australi
1263 441 1306 475 ad
1334 442 1479 477 Pontem
1500 443 1612 478 Clude
1638 457 1681 478 ex

223 508 320 549 parte
340 502 499 536 orientali
520 502 673 537 eiusdem
693 502 748 536 vie
766 510 775 538 l
791 501 882 536 inter
908 507 1019 535 terras
1041 501 1236 535 Alexandri
1265 502 1431 536 Hommill
1451 516 1494 537 ex
1518 505 1658 538 australi
1676 514 1684 541 l

222 568 333 597 terras
346 562 516 598 Johannis
534 562 672 596 Russall
688 575 732 596 ex
747 561 952 596 occidentali
966 570 974 597 Ι
988 567 1023 596 et
1037 574 1251 596 communem
1267 562 1436 596 venellam
1452 576 1518 609 que
1534 564 1628 598 ducit
1642 565 1684 598 ad

222 629 412 657 torrentem
430 623 652 657 Malindonar
669 635 713 657 ex
728 622 886 657 orientali
901 622 1056 669 partibus
1070 642 1075 649 ·
1090 622 1284 669 resignauit
1298 622 1331 656 in
1347 623 1502 657 manibus
1516 623 1684 659 Johannis

224 683 338 717 Wann
357 682 458 717 vnius
476 683 680 717 balliuorum
700 683 848 717 ciuitatis
866 682 1098 729 Glasguensis
1117 682 1242 730 viginti
1261 683 1390 718 solidos
1405 684 1509 718 annui
1528 685 1684 719 redditus

222 744 396 778 annuatim
430 743 570 778 leuandi
601 743 644 777 de
676 743 768 777 dicto
803 756 864 777 suo
896 750 1096 778 tenemento
1127 744 1162 778 in
1192 744 1346 779 fauorem
1379 745 1588 779 venerabilis
1620 746 1684 779 viri

222 804 377 851 magistri
394 803 516 840 Jacobi
537 803 746 838 Houstoune
769 824 774 829 ·
801 804 880 844 Qua
898 804 1135 851 resignatione
1156 805 1204 839 sic
1222 805 1312 839 facta
1330 805 1420 840 idem
1447 806 1596 840 balliuus
1622 819 1684 853 per

221 865 352 899 denarii
372 865 594 899 traditionem
613 870 739 898 statum
758 870 794 898 et
813 864 971 899 saisinam
991 865 1073 899 dicti
1092 865 1196 899 annui
1223 865 1380 900 redditus
1407 866 1542 912 prefato
1560 867 1684 913 magis-

222 931 275 958 tro
300 925 432 961 Jacobo
460 925 600 971 suisque
626 924 814 959 heredibus
842 930 877 959 et
903 925 1087 972 assignatis
1114 925 1322 960 deliberauit
1344 947 1349 952 ·
1373 926 1420 960 Et
1453 926 1566 960 statim
1593 927 1683 961 idem

221 986 385 1032 magister
414 985 566 1021 Jaeobus
595 985 791 1019 huiusmodi
817 997 967 1019 annuum
998 985 1170 1020 redditum
1202 986 1236 1019 in
1268 986 1425 1020 manibus
1452 986 1534 1020 dicti
1567 987 1684 1021 balliui

221 1045 359 1080 nomine
387 1045 546 1080 Eeclesie
573 1045 683 1079 Beate
711 1044 826 1079 Marie
855 1045 1014 1091 Virginis
1042 1052 1077 1080 et
1106 1046 1210 1080 Anne
1238 1046 1355 1080 matris
1382 1046 1456 1081 eius
1484 1060 1546 1093 per
1572 1047 1683 1094 ipsum

219 1106 362 1141 fundate
381 1112 417 1141 et
434 1107 551 1141 dotate
577 1106 771 1152 resignauit
792 1126 798 1132 ·
824 1105 904 1146 Qua
928 1106 1165 1153 resignatione
1193 1107 1242 1141 sic
1268 1107 1358 1142 faeta
1383 1107 1489 1154 [idem
1516 1107 1680 1154 balliuus]

221 1173 346 1201 statum
377 1173 412 1201 et
443 1167 601 1201 saisinam
632 1166 715 1201 dicti
747 1166 852 1200 annui
886 1167 1043 1201 redditus
1074 1167 1224 1202 discreto
1255 1168 1330 1202 viro
1361 1167 1499 1202 domino
1532 1168 1683 1203 Ricardo

222 1227 464 1262 Otterburnne
491 1227 670 1274 capellano
698 1227 836 1261 nomine
866 1226 957 1262 dicte
991 1227 1148 1262 Ecclesie
1177 1227 1285 1262 Beate
1319 1228 1431 1262 Marie
1462 1228 1619 1275 Virginis
1649 1236 1684 1263 et

222 1289 328 1322 Anne
353 1288 470 1322 matris
489 1287 562 1322 eius
581 1288 788 1322 deliberauit
810 1308 816 1314 ·
841 1287 1066 1322 Praesentibus
1084 1288 1211 1322 ibidem
1230 1289 1389 1323 discretis
1409 1289 1491 1323 viris
1517 1290 1682 1336 magistro

221 1349 395 1383 Michaele
414 1348 575 1393 Hugonis
589 1348 750 1384 Johanne
766 1348 914 1382 Brocass
930 1347 1065 1382 Thoma
1082 1348 1219 1394 Smytht
1233 1354 1268 1383 et
1282 1348 1442 1384 Johanne
1462 1349 1651 1384 Moresone
1676 1370 1681 1375 ·

221 1408 289 1444 ET
316 1409 425 1444 EGO
451 1409 630 1445 Johannes
657 1408 847 1443 Moresone
874 1409 1060 1455 presbyter
1090 1408 1321 1455 Glasguensis
1349 1409 1497 1443 diocesis
1524 1410 1681 1456 publicus

221 1482 317 1504 sacra
335 1470 538 1505 auctoritate
559 1469 764 1517 Apostolica
781 1469 935 1504 notarius
989 1469 1081 1509 Quia
1100 1467 1203 1515 [eta]

220 1679 291 1745 IN
319 1710 548 1752 QUORUM
576 1711 726 1746 omnium
752 1717 788 1746 et
814 1711 1029 1758 singulorum
1047 1712 1149 1746 fidem
1177 1719 1213 1746 et
1239 1712 1471 1747 testimonium
1498 1712 1678 1758 premisso-

219 1783 294 1805 rum
312 1778 494 1818 presentes
513 1772 645 1807 litteras
665 1771 738 1806 siue
757 1784 901 1819 presens
928 1772 1101 1818 publicum
1127 1772 1390 1806 instrumentum
1411 1777 1678 1817 transsumptum

219 1831 292 1865 siue
311 1832 555 1879 transcriptum
574 1838 609 1867 et
627 1833 660 1866 in
680 1839 840 1879 regestro
858 1832 1007 1879 positum
1023 1832 1150 1866 exinde
1165 1832 1239 1865 fieri
1260 1832 1306 1865 Et
1325 1844 1386 1877 per
1405 1831 1574 1865 notarium
1593 1832 1676 1877 pub-

218 1891 320 1926 licum
346 1892 601 1940 infrascriptum
629 1893 776 1928 scribam
803 1898 958 1927 nostrum
985 1892 1153 1926 subscribi
1182 1898 1217 1926 et
1248 1891 1414 1938 publicari
1442 1891 1677 1925 mandauimus

221 1952 411 1999 Sigilloque
446 1953 547 1988 officii
577 1953 778 1988 officialatus
813 1952 1044 1999 Glasguensis
1075 1952 1239 1998 jussimus
1275 1957 1309 1985 et
1343 1951 1486 1985 fecimus
1522 1952 1677 1998 presenti

216 2019 375 2058 regestro
394 2014 606 2061 appensione
625 2013 825 2048 communiri
849 2033 855 2040 ·
879 2013 1009 2046 Datum
1029 2017 1064 2045 et
1082 2017 1194 2045 actum
1213 2011 1303 2057 apud
1323 2011 1457 2056 Glasgu
1477 2011 1532 2045 die
1552 2010 1677 2046 Martis

217 2073 344 2107 mensis
359 2086 442 2108 vero
455 2074 612 2110 Januarii
627 2079 748 2109 octauo
765 2082 773 2109 l
790 2085 881 2106 anno
899 2071 1145 2105 incarnationis
1165 2071 1350 2104 Dominice
1368 2070 1550 2104 millesimo
1566 2071 1676 2111 Quin-

215 2134 409 2178 gentesimo
424 2134 825 2181 Quadragesimooctauo
842 2140 850 2167 Ι
868 2131 1061 2165 Indictione
1078 2131 1223 2177 septima
1239 2138 1247 2166 l
1266 2130 1490 2165 Pontificatus
1505 2131 1677 2165 sanctissi-

216 2194 261 2227 mi
286 2194 321 2228 in
351 2194 491 2229 Christo
517 2195 624 2241 patris
652 2200 687 2228 et
714 2192 843 2227 domini
870 2191 977 2224 nostri
1010 2190 1153 2224 Domini
1181 2190 1278 2224 Pauli
1306 2190 1423 2224 diuina
1453 2190 1677 2237 prouidencia

218 2254 309 2300 Pape
328 2255 427 2289 tercii
445 2267 535 2289 anno
550 2254 808 2299 decimoquarto
831 2272 837 2277 ·
862 2250 1087 2284 Presentibus
1108 2250 1234 2285 ibidem
1249 2250 1441 2285 venerabili
1456 2251 1532 2285 viro
1551 2251 1675 2297 magis-

936 2319 956 2339 R
