1922 2764
250 236 291 266 18
570 229 723 264 LIBER
751 227 997 264 ECCLESIE
1027 225 1366 262 COLLEGIATE

246 328 409 375 priorissa
428 339 433 364 J
456 327 607 361 Mariota
633 326 747 361 Home
771 325 999 372 suppriorissa
1019 335 1025 361 f
1047 322 1251 357 Elizabetha
1269 319 1453 355 Trumbull
1474 333 1478 356 J
1499 319 1701 366 Margarota

249 389 504 423 Haliburtoune
521 398 526 423 ,J
542 387 699 421 Eufamia
720 386 899 420 Pontoune
917 399 921 418 u
939 384 1089 418 Mariota
1109 382 1230 428 Bailye
1247 392 1252 417 ,ι’
1270 380 1410 415 Helena
1428 379 1589 425 Dernlye
1605 390 1611 415 s
1628 378 1702 424 Ag-

247 461 309 483 nes
327 447 529 483 Gledstanis
545 459 550 484 f
567 446 748 481 Elizabeth
768 446 915 480 Dunbar
931 462 935 481 a
952 445 1065 478 Elcna
1082 443 1199 477 Schaw
1238 440 1430 475 Katherina
1448 439 1682 486 Leuyntoune
1699 448 1705 473 1

249 509 450 555 Margareta
479 508 644 554 Synclare
665 518 670 545 J
689 507 828 541 Helena
855 504 1038 539 Trumbull
1074 503 1202 539 Joneta
1229 500 1408 546 Douglass
1424 523 1427 537 ,η
1447 500 1571 547 Agnes
1601 500 1703 534 Ram-

249 582 309 615 say
325 580 330 605 s
345 569 472 604 Joneta
487 568 742 602 Haliburtoune
759 592 761 603 s
782 566 921 600 Helena
935 565 1093 598 Puntone
1110 580 1113 595 s
1129 562 1258 598 Joneta
1272 561 1507 596 Creichtoune
1524 581 1527 597 ,κ
1545 560 1703 606 Margar-

249 637 304 664 eta
322 628 549 663 Donaldsoue
569 638 571 646 ³
587 627 790 673 Margareta
812 626 927 660 Home
944 653 946 661 s
965 624 1167 669 Margareta
1187 622 1368 657 Crawfurd
1384 632 1389 657 f
1403 621 1532 658 Joneta
1550 621 1685 655 Towris
1703 637 1705 649 ε

251 689 401 724 Mariota
422 689 536 722 Hume
575 687 722 722 Isabella
742 686 928 720 Rentoune
946 703 948 713 ι
968 684 1169 730 Margareta
1185 683 1275 717 Wod
1292 694 1296 715 ι’
1313 682 1414 717 withe
1430 695 1513 716 oure
1531 681 1653 716 handis
1673 687 1707 715 at

251 750 309 785 the
327 762 419 796 penu
438 748 557 783 before
578 747 635 782 the
654 747 794 781 witness
812 745 1064 791 abouewrittyn
1083 744 1150 778 and
1169 743 1226 778 the
1245 743 1375 778 notaris
1392 743 1582 789 followyng

350 869 417 904 ET
436 868 545 904 EGO
566 866 942 902 ARCHIBALDUS
963 865 1120 899 Wilsone
1138 864 1323 911 presbyter
1345 862 1575 910 Glasguensis
1595 862 1707 896 dioce-

351 930 396 964 sis
415 942 511 964 sacra
529 927 731 963 auctoritate
756 926 960 973 Apostolica
985 925 1138 959 notarius
1192 924 1284 966 Quia
1302 924 1478 972 premissis
1497 923 1654 958 omnibus
1673 929 1708 957 et

351 990 495 1036 singulis
511 990 590 1022 dum
605 988 653 1022 sic
667 995 704 1022 vt
717 987 927 1034 premittitur
942 992 1131 1033 agerentur
1149 985 1349 1020 dicerentur
1368 992 1404 1020 et
1421 985 1546 1019 fierent
1563 996 1709 1018 vnacum

352 1050 489 1084 domino
516 1049 650 1083 notario
678 1048 872 1094 subscripto
897 1053 932 1081 et
956 1047 1102 1081 testibus
1130 1045 1371 1093 suprascriptis
1398 1057 1542 1092 presens
1568 1057 1709 1091 person-

353 1110 452 1144 aliter
478 1109 619 1143 interfui
670 1108 791 1154 anue
819 1108 932 1142 omnia
959 1113 994 1142 et
1021 1107 1157 1153 singula
1182 1107 1230 1141 sic
1248 1106 1323 1141 fieri
1341 1106 1412 1140 vidi
1439 1106 1523 1140 sciui
1542 1113 1578 1140 et
1595 1105 1709 1140 audiui

354 1184 392 1205 ac
411 1171 443 1204 in
463 1176 577 1204 notam
597 1169 672 1216 cepi
701 1169 756 1203 Ex
775 1182 841 1215 qua
859 1169 924 1202 hoc
950 1180 1095 1215 presens
1119 1167 1293 1214 publicum
1318 1167 1583 1201 instrumentum
1609 1178 1711 1200 manu

301 1237 303 1239 '
353 1244 428 1265 mea
445 1230 584 1277 propria
597 1230 746 1264 fideliter
762 1229 925 1276 scriptum
941 1228 1068 1263 exinde
1083 1228 1216 1263 confeci
1231 1228 1402 1275 signoque
1418 1234 1453 1262 et
1471 1227 1609 1262 nomine
1627 1226 1712 1261 meis

354 1291 463 1326 solitis
491 1297 526 1325 et
555 1291 729 1325 consuetis
761 1289 894 1336 signaui
926 1302 988 1336 per
1017 1289 1125 1323 dictas
1155 1288 1352 1335 priorissam
1381 1294 1417 1322 et
1442 1294 1650 1322 conuentum
1677 1287 1711 1321 in

356 1352 456 1386 fidem
476 1352 625 1385 omnium
644 1357 679 1385 et
697 1350 911 1397 singulorum
930 1349 1174 1396 premissorum
1193 1355 1334 1396 rogatus
1353 1356 1388 1383 et
1405 1348 1591 1395 requisitus

356 1470 424 1505 ET
455 1471 563 1506 EGO
597 1470 872 1505 ROBE'RTUS
904 1469 1044 1504 Lauder
1075 1470 1260 1516 presbyter
1293 1469 1540 1504 Sanctiandree
1567 1469 1714 1504 diocesis

359 1544 455 1566 saera
472 1531 675 1566 auctoritate
693 1530 895 1577 Apostolica
913 1530 1066 1565 notarius
1111 1530 1204 1571 Quia
1218 1530 1251 1564 in
1266 1529 1441 1576 premissis
1456 1530 1613 1564 omnibus
1635 1530 1713 1576 [etc.

358 1593 530 1638 informa
550 1593 739 1633 communi,
758 1596 799 1626 ut
815 1589 952 1637 supra]

290 1741 298 1762 ε

266 1741 628 1806 SANCTISSIMO
647 1782 686 1804 ac
702 1770 899 1804 beatissimo
917 1769 952 1803 in
969 1769 1110 1805 Christo
1131 1775 1261 1816 patrum
1281 1769 1370 1817 patri
1389 1775 1425 1804 et
1442 1769 1580 1804 domino
1599 1777 1717 1805 nostro

265 1831 418 1866 Domino
447 1830 553 1865 Paulo
584 1830 701 1864 diuina
729 1830 950 1877 prouidentia
981 1830 1074 1877 Pape
1105 1830 1208 1864 tertio
1240 1836 1457 1864 sacrosancte
1492 1830 1648 1865 Romane
1680 1843 1718 1866 ac

265 1891 469 1926 vniuersalis
491 1890 658 1925 catholice
681 1897 716 1925 et
742 1890 945 1938 Apostolice
968 1890 1115 1925 ecclesie
1141 1903 1271 1925 summo
1298 1890 1514 1938 maximoque
1540 1891 1718 1936 pontifici!

267 1966 327 1988 seu
359 1952 459 1987 etiam
494 1951 786 1986 reuerendissimo
818 1951 852 1985 in
880 1951 1021 1987 Christo
1051 1951 1141 1998 patri
1167 1957 1202 1986 et
1228 1951 1366 1986 domino
1398 1951 1550 1986 Domino
1581 1952 1720 1987 Gauino

267 2013 486 2047 miseratione
517 2012 635 2046 diuina
668 2012 941 2059 Archiepiscopo
971 2011 1185 2058 Glasguensi
1214 2012 1316 2058 regni
1348 2012 1462 2047 Scotie
1495 2012 1721 2048 cancellarios

268 2072 472 2107 Vestrarum
501 2072 713 2107 sanctissime
733 2079 768 2107 et
785 2073 1076 2107 reuerendissime
1102 2072 1346 2119 paternitatum
1370 2073 1566 2120 respectiue
1584 2073 1720 2107 humilis

270 2139 305 2168 et
323 2133 469 2167 deuotus
487 2133 521 2166 in
543 2133 683 2168 Christo
701 2133 791 2167 filius
810 2140 845 2168 et
863 2139 978 2168 orator
1005 2133 1169 2180 magister
1187 2133 1339 2169 Jacobus
1359 2133 1555 2180 Kennedye
1574 2133 1721 2168 vicarius

270 2200 458 2240 perpetuus
472 2194 692 2240 parrochialis
707 2194 854 2229 ecclesie
869 2194 913 2229 de
928 2194 1099 2240 Mayboill
1117 2193 1346 2240 Glasguensis
1361 2194 1508 2229 diocesis
1521 2200 1556 2229 et
1567 2194 1721 2229 eiusdem

272 2253 398 2288 vicarie
417 2254 602 2287 modernus
619 2266 798 2300 possessor
814 2265 819 2291 s
837 2254 896 2289 Ad
914 2255 1186 2289 beatissimorum
1207 2254 1322 2289 oscula
1348 2255 1473 2301 pedum
1501 2255 1720 2290 humillimam
