1922 2764
244 243 289 274 44
574 232 730 268 LIBER
755 230 1003 267 ECCLESIE
1033 229 1373 265 COLLEGIATE

243 341 356 370 tamen
376 332 536 380 diligenti
554 329 808 366 examinatione
827 327 1016 363 eorundem
1034 339 1218 374 puerorum
1245 338 1308 372 per
1336 322 1585 370 prebendarios
1605 321 1698 355 dicte

246 395 404 430 Ecclesie
426 392 621 439 Collegiate
639 391 749 436 magis
767 389 979 436 qualificatos
1007 387 1055 421 sic
1073 386 1163 433 quod
1191 398 1260 419 non
1287 384 1510 419 admittantur
1537 381 1602 416 nisi
1630 381 1704 415 dili-

247 456 344 504 genti
371 452 625 490 examinatione
652 450 774 498 preuia
799 456 834 484 et
859 450 1009 495 desuper
1033 446 1267 481 declaratione
1294 443 1601 491 prebendariorum
1627 454 1705 489 pre-

247 516 450 552 cedentibus
467 523 475 550 Ι
492 514 581 548 Item
599 512 678 546 volo
697 511 788 558 quod
807 509 889 544 dicti
907 515 979 543 tres
1005 507 1104 554 pueri
1123 507 1213 540 bene
1233 511 1268 540 et
1286 505 1473 550 diligenter
1491 503 1706 538 instruantur

246 590 309 624 per
335 574 601 623 prebendarium
628 571 767 607 tertium
793 569 993 616 magistrum
1024 567 1123 602 Scole
1145 566 1279 601 Cantus
1299 571 1334 600 et
1355 565 1419 599 hoc
1438 565 1471 598 in
1491 570 1593 598 cantu
1615 563 1705 598 Gre-

249 637 393 685 goriano
412 636 568 669 discantu
589 640 623 668 et
640 638 781 680 precato
799 643 837 665 ac
856 640 1062 676 organorum
1090 627 1166 661 lusu
1184 634 1192 662 l
1210 626 1297 660 Item
1321 625 1400 659 volo
1418 625 1509 672 quod
1529 623 1708 658 destitutio

251 704 286 733 et
303 696 449 731 remotio
467 694 657 730 eorundem
675 705 751 727 cum
769 692 803 725 in
823 702 908 725 voce
927 688 1052 736 puerili
1071 687 1265 722 defecerint
1279 686 1335 721 vel
1355 686 1382 720 si
1402 698 1561 720 enormes
1578 684 1710 732 reperti

249 758 379 793 fuerint
397 763 432 791 et
450 768 517 789 non
536 755 661 788 bonam
686 752 841 799 regulam
862 749 1127 784 obseruauerint
1153 748 1195 782 ad
1221 747 1413 794 predictum
1438 746 1655 793 prepositum
1675 751 1709 780 et

249 816 498 866 prebendarios
517 814 685 862 spectabit
732 812 779 846 Et
792 811 926 857 reliquo
941 810 1054 856 aliquo
1070 808 1258 844 eorundem
1275 820 1318 842 ex
1333 807 1452 854 quauis
1467 819 1569 841 causa
1582 807 1710 841 aduen-

250 885 305 914 tus
327 876 498 924 Prepositi
517 873 757 922 expectabitur
779 872 820 906 ad
840 871 1048 918 quindenam
1065 878 1073 906 l
1091 869 1178 903 Item
1198 869 1276 903 volo
1296 868 1386 915 quod
1406 868 1517 902 dictus
1544 867 1709 913 magister

253 939 352 974 Scole
373 938 505 973 Cantus
524 948 599 970 cum
618 934 786 969 fructibus
809 939 843 967 et
862 930 1091 966 emolimentis
1116 929 1217 963 dictis
1244 929 1353 963 tribus
1380 928 1497 975 pueris
1525 927 1710 974 spectanti—

251 1001 315 1034 bus
334 999 428 1046 prius
447 1010 510 1044 per
530 1008 582 1030 me
602 995 664 1030 eiis
683 993 866 1039 assignatis
893 991 1100 1026 intromittat
1118 996 1154 1025 et
1172 990 1340 1036 equaliter
1367 989 1458 1023 inter
1477 1001 1536 1023 eos
1556 988 1687 1022 diuidat
1703 996 1712 1023 l

254 1061 301 1094 Et
319 1060 361 1094 ad
379 1058 543 1093 maiorem
571 1055 858 1090 sustentationem
886 1052 1075 1086 eorundem
1095 1051 1138 1084 do
1159 1057 1194 1085 et
1211 1050 1350 1096 assigno
1369 1062 1469 1084 vnam
1489 1061 1601 1083 acram
1620 1054 1713 1082 terre

255 1133 331 1155 cum
351 1118 499 1154 dimedia
518 1117 649 1151 eisdem
664 1116 838 1162 jacentem
857 1114 891 1147 in
911 1113 1020 1147 crofta
1041 1112 1166 1146 Sancte
1188 1111 1293 1145 Anne
1318 1110 1409 1144 inter
1428 1116 1538 1144 terras
1564 1109 1712 1156 preben-

255 1181 340 1215 darii
360 1178 495 1226 septimi
515 1190 558 1212 ex
580 1175 785 1211 occidentali
813 1181 848 1209 et
874 1181 984 1208 terras
1011 1171 1233 1219 prebendarii
1260 1170 1341 1205 noni
1361 1183 1405 1205 ex
1424 1169 1582 1205 orientali
1609 1169 1714 1216 parti—

256 1242 319 1275 bus

259 1473 459 1518 SEQUITUR
479 1490 525 1512 DE
533 1489 642 1512 norro
660 1477 727 1511 mei
741 1476 931 1510 fundatoris
945 1488 1008 1522 pro
1022 1487 1130 1522 puero
1145 1475 1178 1508 in
1195 1479 1298 1508 cantu
1313 1473 1414 1507 docto
1430 1473 1519 1507 bene
1535 1473 1714 1508 laborante

260 1553 298 1575 ac
317 1540 492 1575 seruiente
511 1539 545 1572 in
565 1538 656 1572 dicta
673 1549 749 1571 mea
768 1536 963 1582 Collegiata
982 1535 1140 1569 Ecclesia
1158 1534 1338 1568 amittente
1357 1546 1475 1568 vocem
1496 1534 1662 1580 puerilem

261 1628 510 1694 INPRIMIS
537 1656 580 1690 do
599 1662 635 1690 et
653 1655 792 1701 assigno
811 1655 922 1689 eidem
942 1654 1124 1688 dimediam
1143 1665 1255 1687 acram
1274 1658 1368 1687 terre
1387 1652 1560 1698 jacentem
1579 1653 1613 1687 in
1635 1653 1718 1688 Kin-

262 1719 366 1754 claith
392 1718 482 1752 inter
501 1723 611 1751 terras
632 1715 837 1750 Archibaldi
863 1714 1064 1749 Blakburne
1083 1726 1127 1748 ex
1147 1713 1351 1748 occidentali
1370 1719 1406 1747 et
1423 1718 1533 1748 terras
1561 1714 1626 1747 mei
1646 1714 1719 1748 fun-

265 1779 393 1814 datoris
413 1791 458 1813 ex
476 1776 636 1812 orientali
652 1785 660 1812 Ι
676 1776 764 1810 Item
784 1776 870 1810 duos
889 1781 1004 1809 curtos
1023 1787 1171 1820 aggeres
1188 1782 1196 1809 Ι
1211 1774 1256 1808 lie
1276 1779 1349 1808 cutt
1365 1773 1475 1819 riggis
1491 1774 1669 1820 [jacentes
1687 1775 1721 1809 in

267 1839 453 1886 Kynclaith
485 1839 575 1872 inter
604 1844 716 1871 terras
747 1836 826 1870 olim
856 1835 1010 1870 Eduardi
1044 1836 1140 1870 Scott
1170 1847 1215 1869 ex
1244 1833 1376 1868 boreali
1403 1839 1438 1868 et
1464 1840 1574 1869 terras
1601 1835 1622 1871 J
1626 1836 1723 1870 acobi

268 1900 468 1945 Wodderop
484 1911 528 1933 ex
543 1897 682 1932 australi
699 1906 707 1933 Ι
724 1897 812 1931 Item
828 1909 928 1930 vnam
943 1908 1055 1930 acram
1070 1902 1163 1929 terre
1178 1895 1351 1940 jacentem
1367 1906 1470 1940 super
1488 1894 1533 1929 lie
1550 1894 1724 1930 Provand—

269 1961 341 1994 side
368 1960 458 1994 inter
484 1966 594 1993 terras
613 1957 783 2004 quondam
801 1956 970 1993 Johannis
998 1955 1175 1990 Menteith
1193 1961 1230 1989 et
1249 1966 1342 1988 nunc
1368 1954 1523 2001 magistri
1543 1955 1623 1990 Ade
1645 1955 1724 1991 Col-

271 2020 431 2066 quhoune
450 2019 594 2054 rectoris
613 2019 656 2053 de
679 2018 785 2053 Stobo
803 2030 847 2052 ex
867 2016 1071 2052 occidentali
1090 2023 1126 2050 et
1143 2022 1254 2050 terras
1268 2014 1458 2061 capellanie
1479 2015 1595 2050 Sancti
1614 2016 1726 2051 Mich-

274 2080 357 2114 aelis
390 2079 604 2126 Archangeli
637 2091 681 2114 ex
713 2078 873 2113 orientali
902 2077 1057 2124 partibus
1085 2085 1093 2112 l
1118 2076 1190 2117 Qui
1221 2087 1306 2122 puer
1338 2075 1386 2109 sic
1416 2075 1576 2110 amittens
1607 2089 1727 2111 vocem

274 2140 442 2187 puerilem
465 2140 632 2186 gaudebit
648 2139 818 2174 fructibus
846 2138 1154 2185 suprascriptarum
1172 2142 1341 2171 terrarum
1368 2148 1431 2182 pro
1457 2136 1567 2182 spatio
1586 2137 1728 2171 duorum

276 2213 442 2234 annorum
462 2200 534 2246 ipso
552 2200 730 2234 laborante
749 2205 785 2233 et
803 2199 1026 2233 continuante
1045 2197 1079 2231 in
1101 2196 1201 2232 Scola
1221 2196 1479 2231 Grammaticali
1496 2205 1504 2232 l
1523 2197 1606 2231 Post
1622 2197 1729 2232 dicto-

277 2273 351 2294 rum
370 2260 514 2294 duorum
533 2272 699 2294 annorum
718 2259 848 2305 lapsum
869 2258 1118 2293 distribuantur
1143 2256 1338 2291 huiusmodi
1356 2256 1486 2291 fructus
1504 2257 1603 2291 alteri
1622 2270 1729 2304 puero
