1922 2764
221 204 265 234 34
547 195 703 231 LIBER
729 193 976 230 ECCLESIE
1006 190 1345 228 COLLEGIATE

221 295 351 330 boreali
371 301 405 329 et
423 299 659 328 tenementum
677 293 804 329 Jonete
824 291 925 338 Boyd
950 303 993 324 ex
1012 288 1216 324 occidentali
1235 287 1390 334 partibus
1407 295 1415 321 l
1433 286 1519 319 Item
1540 292 1671 332 septem

223 356 322 390 solidi
340 355 444 390 annui
464 354 620 389 redditus
639 354 682 388 de
701 358 901 388 tenemento
921 351 1090 398 quondam
1109 349 1279 385 Johannis
1295 347 1467 393 Cuthleyr
1482 346 1621 393 jacente
1640 346 1674 380 in

224 416 375 450 Venella
392 415 551 449 Fratrum
572 414 831 448 Predicatorum
849 412 940 446 inter
958 417 1193 446 tenementum
1219 408 1358 443 Ricardi
1379 407 1507 442 Allane
1526 419 1571 441 ex
1589 407 1676 441 occi—

224 477 354 511 dentali
385 482 420 510 et
451 480 687 510 tenementum
720 473 837 508 Dauid
872 472 1025 506 Arthure
1054 483 1096 505 ex
1127 468 1257 503 boreali
1279 477 1286 503 l
1309 468 1396 502 Item
1428 467 1548 502 decem
1577 467 1677 501 solidi

224 538 327 572 annui
347 537 502 571 redditus
521 536 563 570 de
582 541 782 570 tenemento
805 533 975 580 quondam
998 530 1146 576 Georgii
1167 529 1299 575 Stevyn
1325 528 1358 562 in
1387 528 1506 562 eadem
1526 527 1679 562 Venella

225 598 384 632 Fratrum
413 597 670 632 Predicatorum
698 595 789 629 inter
815 602 926 628 terras
953 591 1122 638 quondam
1153 588 1299 624 Henrici
1320 587 1492 635 Cuthleyr
1519 601 1564 622 ex
1591 588 1678 622 occi-

225 658 355 693 dentali
382 663 417 692 et
443 663 555 692 ortum
584 655 725 690 Ricardi
754 654 880 688 Allane
905 665 949 687 ex
976 650 1159 686 orientali!
1178 650 1265 684 Item
1292 649 1481 696 vigintisex
1509 649 1608 683 solidi
1635 648 1679 682 de

225 724 425 753 tenemento
447 717 590 751 Andree
613 715 694 750 Hall
712 715 747 748 in
767 714 857 748 Vico
876 713 1065 747 Fui-carum
1092 711 1183 745 inter
1211 716 1410 744 tenementa
1431 710 1579 756 Georgii
1600 708 1679 744 Col-

226 780 362 826 quhone
390 779 433 813 de
460 778 577 813 Glenn
606 789 651 810 ex
678 773 883 809 occidentali
910 779 946 807 et
974 771 1101 806 domini
1132 770 1276 805 Martini
1305 769 1397 804 Reid
1424 783 1466 804 ex
1495 769 1679 805 orientali!

227 841 314 875 Item
346 839 535 874 octodecim
564 837 664 871 solidi
690 834 953 870 annuiredditus
980 833 1023 867 de
1051 845 1127 867 meo
1154 837 1355 866 tenemento
1383 831 1521 877 jacente
1549 831 1582 864 in
1614 830 1681 864 Via

226 901 414 935 Furearum
441 905 540 933 extra
566 902 757 931 torrentem
785 894 1018 940 Malyndonar
1045 893 1136 927 inter
1162 898 1399 927 tenementum
1427 891 1597 938 quondam
1621 891 1680 926 Jo—

226 961 349 995 hannis
371 961 469 1006 Gray
489 972 534 993 ex
561 957 717 992 orientali
747 962 782 990 et
807 960 1044 990 tenementum
1074 953 1218 987 Andree
1241 952 1510 998 Witherspovne
1530 964 1574 986 ex
1593 951 1680 985 oeci-

227 1021 356 1056 dcntali
374 1029 382 1056 l
398 1021 445 1054 Et
472 1018 654 1054 tresdecim
684 1016 783 1051 solidi
810 1022 845 1050 et
871 1020 1016 1061 quatuor
1043 1013 1176 1048 denarii
1202 1013 1306 1047 annui
1332 1012 1489 1047 redditus
1516 1012 1558 1046 de
1586 1019 1682 1046 tene-

228 1088 344 1116 mento
363 1080 545 1128 posteriori
564 1078 733 1125 qnondam
752 1076 921 1113 Jobannis
941 1075 1058 1110 Nicoll
1081 1075 1220 1121 jacente
1246 1074 1338 1108 inter
1360 1079 1559 1108 tenementa
1577 1086 1682 1120 quon-

229 1144 305 1177 dam
325 1141 453 1176 domini
479 1139 648 1176 Jchannis
676 1138 850 1183 Makgour
875 1149 920 1171 ex
947 1135 1087 1170 australi
1113 1141 1148 1169 et
1174 1134 1329 1180 magistri
1352 1133 1522 1170 Johannis
1546 1133 1682 1179 Spreull

229 1217 273 1238 ex
304 1202 435 1236 boreali
461 1210 469 1237 Ι
497 1201 585 1234 Item
616 1204 749 1246 septem
786 1197 885 1231 solidi
916 1195 1179 1230 annuiredditus
1210 1195 1253 1229 de
1285 1200 1484 1229 tenemento
1514 1193 1683 1230 Johannis

230 1264 348 1298 Dikke
364 1263 502 1309 jacente
522 1261 555 1294 in
576 1260 630 1294 via
648 1272 714 1306 que
734 1258 828 1292 ducit
846 1270 865 1292 a
884 1257 990 1291 Porta
1009 1256 1165 1290 Australi
1184 1255 1226 1290 ad
1246 1267 1406 1301 magnum
1427 1254 1571 1289 Pontem
1590 1260 1684 1288 trans

231 1324 376 1359 Cludam
405 1334 450 1357 ex
475 1327 573 1368 parte
601 1319 740 1354 australi
768 1318 921 1353 eiusdem
949 1317 1040 1352 inter
1067 1322 1267 1351 tenementa
1295 1315 1442 1350 Roberti
1471 1315 1617 1350 Scherar
1642 1327 1686 1348 ex

230 1383 361 1418 borcali
388 1388 424 1417 et
453 1380 598 1416 Roberti
625 1379 835 1425 Duncanlye
863 1391 908 1413 ex
935 1377 1139 1412 occidentali
1162 1377 1275 1412 lItem
1302 1376 1425 1422 viginti
1455 1375 1554 1409 solidi
1582 1376 1684 1410 annui

230 1444 386 1479 redditus
414 1443 456 1476 de
484 1440 706 1476 dimedietate
736 1438 926 1474 tenementi
961 1437 1141 1472 inhabitati
1175 1450 1237 1483 per
1269 1436 1437 1470 Thomam
1471 1436 1624 1482 Bar-gille
1652 1443 1687 1470 et

230 1504 425 1540 ,Iohannem
455 1501 559 1537 Gude
588 1500 735 1547 jacentis
763 1499 796 1533 in
828 1499 949 1533 eadem
979 1498 1034 1533 via
1061 1511 1105 1532 ex
1133 1504 1232 1544 parte
1257 1497 1387 1531 boreali
1415 1496 1568 1530 eiusdem
1595 1497 1686 1531 inter

233 1569 431 1599 tenementa
457 1561 628 1608 quondam
657 1559 827 1596 Johannis
860 1559 962 1593 Beith
990 1571 1035 1593 ex
1068 1557 1227 1592 orientali
1255 1563 1291 1592 et
1317 1557 1488 1604 quondam
1518 1557 1688 1592 Johannis

235 1625 402 1671 Oliphant
433 1635 478 1657 ex
508 1621 712 1656 occidentali
738 1629 747 1656 Ι
774 1620 854 1655 item
886 1620 928 1653 de
956 1626 1157 1654 tenemento
1188 1618 1359 1665 quondam
1389 1617 1558 1653 Johannis
1589 1618 1688 1664 Gray

230 1686 369 1732 jacente
388 1684 421 1717 in
442 1683 561 1718 eadem
580 1682 636 1716 via
662 1693 707 1715 ex
733 1681 853 1715 eadem
880 1686 978 1726 parte
1005 1680 1096 1714 inter
1123 1685 1359 1714 tenementum
1379 1678 1549 1725 quondam
1570 1678 1689 1712 Allani

236 1746 425 1780 Morsoune
444 1756 489 1778 ex
507 1741 712 1777 occidentali
731 1747 766 1776 et
784 1747 894 1775 terras
912 1741 1083 1787 quondam
1103 1739 1238 1774 Thome
1257 1739 1415 1774 Gilmore
1435 1751 1510 1773 cum
1528 1738 1691 1772 distantia

235 1805 441 1841 intermedia
458 1803 558 1839 vuius
580 1808 727 1849 anguste
746 1801 884 1836 venelle
903 1813 949 1836 ex
967 1800 1126 1835 orientali
1143 1809 1151 1836 Ι
1168 1800 1256 1834 Item
1279 1800 1312 1833 in
1332 1799 1507 1834 territorio
1526 1799 1627 1845 burgi
1647 1799 1690 1833 de

239 1866 481 1912 Rutherglenn
500 1872 594 1899 terre
614 1863 807 1910 subscripte
824 1871 832 1898 Ι
850 1861 1011 1909 Inprimis
1027 1874 1093 1895 vna
1111 1861 1187 1907 riga
1205 1867 1298 1895 terre
1315 1860 1436 1906 jacens
1454 1860 1488 1893 in
1510 1859 1627 1894 Eister
1645 1859 1691 1893 lie

240 1926 443 1962 Wardlehill
470 1926 561 1960 inter
580 1930 690 1959 terras
710 1923 850 1958 Patricii
871 1922 1072 1968 Wodderop
1091 1934 1137 1956 ex
1155 1920 1315 1955 orientali
1341 1927 1377 1954 et
1394 1927 1505 1954 terras
1527 1919 1692 1966 Stephani

239 1987 379 2021 Riddall
398 1999 442 2020 ex
460 1984 666 2020 occidentali
682 1993 690 2019 l
707 1984 796 2018 Item
823 1995 890 2017 vna
915 1982 992 2029 riga
1008 1988 1103 2016 terre
1127 1982 1246 2028 jacens
1274 1981 1306 2015 in
1328 1981 1446 2015 eadem
1467 1980 1576 2015 crofta
1602 1980 1693 2014 inter

237 2055 347 2082 terras
374 2046 544 2093 quondam
564 2045 730 2079 Willelmi
750 2044 848 2079 Watt
872 2055 917 2078 ex
935 2043 1093 2078 orientali
1119 2048 1154 2077 et
1178 2042 1383 2077 occidentali
1409 2041 1588 2088 partibus!
1606 2041 1693 2075 Item

239 2120 306 2142 vna
323 2107 399 2153 riga
416 2113 509 2141 terre
532 2106 652 2152 jacens
679 2105 712 2139 in
741 2104 862 2140 eadem
886 2104 995 2138 crofta
1020 2103 1112 2138 inter
1138 2110 1248 2138 terras
1266 2102 1435 2139 Johannis
1454 2102 1524 2136 Bar
1543 2114 1588 2136 ex
1606 2101 1694 2136 occi-

240 2167 369 2202 dentali
397 2172 432 2201 et
461 2173 571 2201 terras
604 2165 775 2212 quondam
803 2164 969 2199 Willelmi
998 2164 1095 2198 Watt
1125 2175 1170 2198 ex
1197 2163 1355 2198 orientali
1372 2172 1381 2198 l
1398 2163 1484 2197 Item
1512 2161 1545 2196 in
1574 2162 1693 2196 eadem

241 2227 350 2262 crofta
362 2239 429 2261 vna
446 2226 522 2272 riga
539 2233 632 2260 terre
647 2226 767 2271 jacens
786 2225 877 2259 inter
890 2231 1002 2259 terras
1021 2224 1210 2271 capellanie
1229 2223 1344 2259 Sancti
1364 2222 1524 2257 Nieholai
1545 2234 1589 2257 ex
1608 2221 1693 2256 occi-
