1922 2764
633 281 673 315 B.
704 281 749 315 V.
779 281 948 316 MARIE
978 282 1046 316 ET
1074 283 1108 317 S.
1138 283 1296 318 ANNE.
1646 292 1692 327 89

237 384 272 413 et
291 378 416 413 saisina
433 379 535 413 trium
550 379 731 414 botharum
746 379 933 425 jacentium
953 380 987 414 in
1007 381 1127 415 eadem
1142 381 1198 415 via
1211 394 1255 415 ex
1274 388 1371 428 parte
1390 382 1519 417 boreali
1538 384 1691 419 eiusdem

236 439 290 473 vie
314 440 503 485 jacentium
522 440 612 474 inter
631 445 830 475 tenementa
848 440 972 487 prefati
998 441 1155 488 magistri
1172 441 1294 477 Jacobi
1316 442 1522 478 Houstoune
1542 457 1585 478 ex
1604 446 1691 480 occi-

234 499 365 534 dentali
383 506 418 534 et
439 500 638 535 Australem
668 500 805 535 Portam
824 501 915 536 dicte
934 501 1083 536 ciuitatis
1103 514 1148 536 ex
1167 502 1326 536 orientali
1352 502 1506 548 partibus
1523 512 1531 540 l
1548 506 1692 540 accessit

233 560 276 594 ad
295 560 432 595 easdem
453 566 488 595 et
506 561 614 595 dictas
641 561 763 596 bothas
789 561 823 595 in
851 562 1007 596 manibus
1026 562 1109 597 dicti
1135 562 1253 597 balliui
1275 562 1309 596 in
1329 562 1480 597 fauorem
1509 565 1692 612 prescripti

214 621 388 667 ‘magistri
414 620 536 656 Jacobi
565 621 773 656 Houstoune
801 622 1002 669 simpliciter
1028 622 1220 669 resignauit
1246 631 1254 659 l
1279 622 1359 663 Qua
1383 623 1617 670 resignatione
1643 626 1691 660 sic

230 682 321 717 facta
350 681 504 728 prefatus
535 681 682 716 balliuus
714 688 839 717 statum
871 689 906 717 et
937 683 1096 718 saisinam
1127 683 1355 718 hereditarios
1386 684 1553 718 dictarum
1589 685 1690 720 trium

230 742 412 776 botharum
431 742 664 789 suprascripto
683 743 820 778 domino
842 743 992 778 Ricardo
1013 744 1229 779 Otterburne
1248 745 1463 791 procuratori
1481 745 1605 792 prefati
1623 758 1690 781 ma-

231 802 330 849 gistri
347 802 370 838 J
373 802 469 836 acobi
488 815 550 849 per
569 808 662 837 terre
682 808 717 837 et
735 803 856 849 lapidis
876 804 1095 839 traditionem
1115 804 1322 839 deliberauit
1343 826 1348 831 ·

229 951 297 1016 IN
328 982 418 1016 DEI
444 983 581 1017 nomine
604 982 717 1017 Amen
741 1004 746 1009 -
772 983 838 1017 Per
856 984 921 1018 hoc
939 984 1112 1030 publicum
1137 985 1403 1019 instrumentum
1422 985 1555 1020 cunctis
1574 992 1690 1032 pateat

229 1042 320 1088 quod
335 1055 424 1076 anno
439 1042 683 1077 incarnationis
704 1043 887 1078 Dominice
907 1044 1087 1079 millesimo
1101 1044 1380 1091 quingentesimo
1395 1045 1688 1091 vigesimooctauo

228 1103 284 1136 die
298 1115 383 1137 vero
398 1103 550 1137 secundo
565 1103 692 1137 mensis
708 1103 841 1150 Aprilis
859 1113 867 1140 l
884 1105 924 1138 In
941 1105 1006 1139 mei
1023 1105 1148 1139 notarii
1167 1105 1295 1152 publici
1311 1111 1346 1140 et
1359 1106 1498 1140 testium
1517 1107 1688 1154 subscrip-

228 1170 339 1197 torum
367 1164 542 1210 presentia
568 1164 798 1210 personaliter
825 1165 1031 1199 constitutus
1059 1165 1229 1200 discretus
1252 1165 1304 1199 vir
1330 1165 1487 1200 dominus
1517 1166 1687 1202 Ricardus

228 1223 445 1259 Otterburne
469 1224 665 1271 capellanus
693 1231 895 1271 procurator
923 1231 957 1259 et
984 1238 1025 1259 eo
1052 1225 1191 1259 nomine
1211 1225 1421 1260 venerabilis
1440 1225 1503 1259 viri
1531 1226 1686 1273 magistri

225 1285 347 1320 Jacobi
369 1285 576 1320 Houstoune
595 1285 783 1320 subdecani
801 1285 1032 1332 Glasguensis
1047 1286 1090 1320 ad
1109 1286 1303 1332 subscripta
1316 1286 1546 1332 personaliter
1561 1287 1686 1321 consti-

227 1351 321 1379 tutus
338 1353 346 1381 l
362 1345 508 1380 accessit
525 1345 567 1380 ad
586 1345 769 1380 dimediam
790 1358 902 1380 acram
921 1352 1014 1381 terre
1034 1346 1235 1393 campestris
1251 1347 1423 1392 jacentem
1443 1346 1477 1380 in
1498 1347 1686 1393 Kynclaith

226 1406 260 1439 in
279 1406 455 1440 territorio
477 1406 690 1452 Glasguensi
708 1406 800 1441 inter
819 1412 929 1441 terras
951 1407 1097 1441 Roberti
1122 1406 1260 1453 Smytht
1278 1419 1322 1441 ex
1340 1406 1545 1441 occidentali
1564 1414 1599 1442 et
1617 1413 1683 1442 ter-

226 1479 280 1500 ras
306 1466 475 1502 Johannis
497 1466 698 1513 Wodderop
717 1479 761 1501 ex
780 1467 939 1501 orientali
966 1467 1146 1514 partibus!
1164 1467 1210 1501 Et
1237 1467 1361 1501 dictam
1389 1479 1501 1501 acram
1529 1473 1622 1502 terre
1649 1469 1684 1502 in

226 1526 382 1561 manibus
401 1527 611 1561 honorabilis
631 1527 695 1561 viri
717 1527 920 1561 Archibaldi
941 1527 1207 1562 Harbertsoune
1226 1527 1326 1562 vnius
1345 1527 1549 1562 balliuorum
1567 1528 1684 1563 ciuita-

225 1587 268 1621 tis
291 1586 521 1634 Glasguensis
548 1600 610 1634 pro
638 1594 793 1634 tempore
821 1588 855 1622 in
884 1589 1037 1623 fauorem
1062 1588 1191 1624 Jonete
1220 1588 1336 1634 Brady
1363 1588 1484 1622 relicte
1512 1589 1682 1635 quondam

226 1646 381 1681 Eduardi
414 1648 510 1682 Scott
540 1647 625 1682 ciuis
652 1648 883 1695 Glasguensis
911 1655 946 1683 et
976 1649 1144 1683 heredum
1175 1648 1329 1683 eiusdem
1353 1656 1361 1684 l
1383 1661 1484 1683 causa
1515 1650 1683 1684 excambii

226 1719 301 1741 cum
320 1708 511 1742 octodecim
539 1708 656 1742 solidis
680 1709 783 1743 annui
811 1709 967 1744 redditus
986 1709 1029 1744 de
1048 1716 1249 1744 tenemento
1268 1709 1438 1755 quondam
1467 1709 1578 1743 Marci
1599 1710 1682 1743 Hall

220 1768 359 1814 jacente
378 1769 411 1802 in
432 1769 570 1803 ciuitate
593 1769 805 1816 Glasguensi
831 1770 921 1804 inter
939 1776 1139 1804 tenementa
1171 1770 1312 1804 Niniani
1339 1769 1541 1804 Merschiall
1560 1782 1605 1804 ex
1624 1771 1680 1804 bo-

223 1828 309 1862 reali
328 1835 363 1862 et
376 1835 576 1864 tenementa
593 1830 748 1877 magistri
765 1830 887 1866 Jacobi
908 1830 1116 1864 Houstoune
1132 1841 1177 1864 ex
1195 1829 1334 1863 australi
1353 1829 1507 1875 partibus
1523 1838 1531 1866 l
1548 1836 1584 1864 et
1597 1830 1679 1864 duo-

224 1889 287 1923 bus
306 1889 424 1923 solidis
443 1890 547 1924 annui
573 1890 729 1925 redditus
748 1891 791 1924 de
811 1897 1011 1925 tenemento
1031 1890 1166 1924 Thome
1188 1889 1347 1923 Arbukle
1370 1889 1509 1934 jacente
1536 1889 1570 1923 in
1598 1890 1679 1924 ciui-

224 1955 294 1983 tate
317 1950 529 1996 Glasguensi
556 1951 647 1985 inter
673 1957 873 1985 tenementa
892 1950 1037 1985 Andree
1059 1950 1182 1995 Somyr
1209 1962 1253 1983 ex
1280 1949 1410 1983 boreali
1429 1956 1463 1983 et
1482 1956 1681 1985 tenementa

223 2009 345 2044 Jacobi
378 2010 584 2045 Pincartone
612 2024 657 2045 ex
687 2011 826 2045 australi
858 2011 1011 2057 partibus
1033 2019 1041 2046 l
1065 2010 1238 2044 annuatim
1270 2009 1427 2043 leuandis
1457 2022 1519 2056 per
1550 2010 1678 2045 dictum

225 2069 425 2116 magistrum
450 2070 618 2106 Jacobum
637 2076 673 2105 et
691 2083 770 2105 suos
797 2070 989 2116 assignatos
1007 2070 1050 2104 de
1070 2070 1199 2104 eisdem
1216 2078 1224 2105 Ι
1241 2069 1440 2116 simpliciter
1458 2069 1651 2117 resignauit
1672 2093 1677 2099 ·

227 2129 307 2170 Qua
324 2131 559 2177 resignatione
579 2131 627 2165 sic
644 2131 733 2165 facta
759 2131 850 2164 idem
878 2131 1023 2164 balliuus
1051 2136 1175 2164 statum
1202 2136 1238 2164 et
1266 2129 1423 2164 saisinam
1451 2129 1678 2165 hereditarios

224 2189 315 2224 dicte
335 2190 484 2225 dimedie
511 2203 590 2225 acre
616 2197 709 2225 terre
737 2191 802 2225 sibi
819 2191 946 2226 Jonete
975 2197 1010 2225 et
1036 2191 1105 2224 suis
1132 2190 1319 2225 heredibus
1346 2196 1381 2224 et
1406 2190 1589 2237 assignatis
1615 2204 1678 2238 per

224 2250 444 2285 traditionem
471 2257 563 2285 terre
591 2257 626 2285 et
652 2251 773 2297 lapidis
792 2251 998 2285 deliberauit
1017 2259 1026 2287 1
1047 2251 1095 2285 Et
1112 2257 1366 2297 consequenter
1392 2251 1525 2298 prefata
1549 2252 1678 2287 Joneta

225 2311 370 2345 accessit
395 2311 577 2357 separatim
602 2311 644 2345 ad
671 2311 863 2358 prescripta
889 2317 1088 2346 tenementa
1112 2311 1238 2358 prefati
1255 2311 1425 2358 quondam
1454 2311 1565 2346 Marci
1594 2312 1676 2346 Hall

941 2381 963 2401 M
