1922 2764
170 513 206 536 13.

65 557 183 583 Prebend
197 557 226 582 of
234 556 277 582 the

65 603 307 630 Threechoristers.

863 257 971 293 THE
998 256 1247 293 PREFACE.

324 270 372 293 XX

325 356 384 391 the
411 355 560 390 founder
582 355 650 390 and
668 356 708 390 of
727 355 781 391 his
809 362 962 403 parents,
982 356 1049 391 and
1069 361 1105 391 to
1123 356 1271 391 observe
1290 354 1335 390 all
1366 354 1426 390 the
1454 353 1570 389 duties
1599 353 1784 401 generally

326 428 489 476 enjoined
508 441 551 463 on
571 429 629 464 the
649 429 749 464 other
767 430 921 464 canons.⁸2

424 502 503 537 The
517 502 650 537 twelfth
664 503 822 550 prebend
842 515 909 537 was
927 501 1001 538 that
1019 502 1058 537 of
1070 501 1130 537 the
1146 501 1266 537 Three
1286 501 1498 537 Choristers.
1543 500 1594 534 Its
1612 512 1786 536 revenues

325 587 416 610 were
442 580 478 610 to
504 576 548 610 be
575 575 716 610 divided
743 576 883 623 equally
901 588 1028 622 among
1053 575 1097 610 its
1115 587 1329 622 possessors:
1349 574 1418 609 and
1438 573 1479 608 of
1499 572 1611 615 these,
1632 585 1698 608 one
1717 587 1786 610 was

326 655 361 683 to
387 648 431 683 be
458 648 586 683 chosen
621 649 669 695 by
695 648 754 683 the
780 648 902 683 bailies
929 648 998 683 and
1023 648 1159 683 council
1186 647 1226 682 of
1254 647 1313 683 the
1340 647 1422 695 city,
1451 649 1520 683 and
1546 654 1622 692 two,
1652 649 1699 696 by
1725 649 1785 684 the

327 722 476 756 Provost
497 722 536 756 of
555 722 613 756 the
642 721 812 769 College3
831 722 879 769 by
897 721 1009 756 whom
1035 721 1080 756 all
1106 721 1206 756 three
1233 734 1325 756 were
1352 727 1388 756 to
1414 721 1458 756 be
1485 722 1677 765 instituted,
1698 722 1786 758 after

325 794 473 842 diligent
490 795 723 829 examination
742 795 782 829 of
801 795 892 830 their
919 794 1171 842 qualifications
1198 795 1297 829 made
1323 795 1371 841 by
1388 795 1447 830 the
1474 796 1725 843 prebendaries
1752 796 1793 831 of

324 869 383 904 the
402 869 542 904 ehurch.
596 869 674 904 The
694 869 821 916 youths
839 882 930 904 were
949 875 985 904 to
1003 869 1047 904 be
1066 868 1143 904 well
1165 868 1233 903 and
1252 868 1420 915 carefully
1438 868 1634 904 instructed
1660 870 1709 916 by
1727 870 1785 905 the

324 943 417 977 third
435 942 668 989 prebendary,
689 953 725 977 or
747 942 882 978 Master
901 942 940 977 of
960 942 1019 978 the
1041 943 1138 989 Song
1158 942 1294 984 Sehool,
1311 942 1346 976 in
1364 942 1425 977 the
1443 942 1643 989 Gregorian
1659 943 1788 985 ebant,3

358 1030 368 1046 ²
381 1029 429 1062 Pp.
442 1030 534 1054 3842.
1066 1029 1199 1054 rhisiorum
1208 1037 1321 1062 praeseS‚
1330 1029 1377 1054 uiri
1387 1029 1545 1063 amplissimi,
1554 1029 1661 1054 aderant
1668 1029 1695 1053 in
1704 1036 1788 1054 sacro-

357 1076 369 1093 3
383 1075 439 1100 The
452 1076 554 1100 ancient
566 1075 708 1108 Gregorian
719 1076 797 1101 ebant
805 1076 889 1101 would
900 1084 996 1109 appear
1008 1080 1035 1101 at
1071 1080 1161 1101 saneta
1173 1075 1362 1109 Assumptionis
1373 1075 1421 1101 die.
1452 1076 1508 1101 Nec
1522 1076 1571 1101 alio
1581 1083 1657 1109 quam
1669 1075 1790 1108 Gregori-

324 1121 440 1155 this[time
446 1121 615 1147 tohavebeen
622 1121 710 1154 falling
720 1122 773 1147 into
782 1122 923 1147 desuetude
932 1122 958 1146 iu
967 1121 1039 1146 Scot—
1069 1131 1119 1148 auo
1129 1127 1207 1147 cantu
1216 1121 1359 1156 pontifices,
1369 1122 1412 1156 qui
1423 1130 1474 1147 rem
1486 1122 1598 1147 diuinam
1608 1122 1746 1151 faciebant,
1756 1121 1789 1147 ad

324 1168 391 1193 land.
417 1168 466 1193 We
475 1168 540 1193 have
549 1177 582 1193 an
595 1168 709 1201 edifying
719 1168 859 1202 complaint
872 1168 900 1193 of
909 1168 953 1193 the
966 1168 1037 1193 iuno-

325 1216 412 1240 vation
426 1215 451 1239 in
465 1224 497 1240 an
510 1215 662 1248 interesting
676 1215 726 1240 and
736 1224 792 1240 rare
802 1215 871 1240 work
883 1215 932 1247 (for
940 1215 984 1240 the
995 1223 1039 1241 use

324 1261 439 1287 ofwhieh
450 1261 461 1286 Ι
471 1270 511 1286 arn
520 1261 641 1286 indebted
649 1266 675 1286 to
684 1261 729 1286 Dr.
739 1261 821 1286 Smith
830 1261 858 1286 of
865 1261 1046 1294 Crutherland)

323 1309 356 1341 by
372 1317 386 1333 a
407 1308 497 1333 Canon
514 1308 625 1342 Regular
644 1308 673 1333 of
688 1309 731 1333 the
745 1308 832 1334 abbies
846 1308 876 1333 of
891 1307 975 1333 Seone
989 1308 1039 1333 and

325 1354 552 1380 Cambuskeuneth
563 1366 568 1378 ·.
581 1359 598 1369 “
612 1354 669 1379 Hoc
680 1354 756 1387 plane
767 1358 806 1380 est
819 1359 909 1379 contra
921 1355 983 1379 istos
994 1355 1037 1388 qui

324 1410 403 1427 nouas
425 1401 589 1426 introducunt
611 1402 705 1427 Missas
725 1401 867 1435 peculiares
886 1402 958 1427 iuxta
977 1410 1036 1427 suas

323 1449 472 1482 phantasias
492 1449 581 1475 factas,
626 1448 667 1474 Ita
686 1449 723 1479 fit,
747 1453 774 1474 ut
793 1449 858 1474 alius
878 1449 954 1475 aliam
974 1449 1037 1474 uelit

325 1496 437 1521 cantari:
457 1495 515 1521 hinc
529 1496 687 1521 turbationes
700 1500 726 1521 et
738 1496 808 1521 rixae
822 1496 847 1520 in
863 1496 967 1521 Domini
988 1504 1038 1521 ser-

325 1543 389 1567 uitio
401 1543 522 1573 oriuntur,
535 1551 591 1568 cum
605 1543 669 1568 alter
689 1542 792 1568 alterius
813 1551 875 1576 opus
896 1543 1039 1576 uilipendit,

327 1594 371 1614 ant
384 1590 410 1614 in
423 1590 507 1621 missa,
521 1594 564 1614 aut
577 1590 603 1614 in
623 1594 693 1619 tono,
706 1598 779 1619 uoce,
794 1595 837 1615 aut
851 1590 928 1619 notis,
941 1598 1041 1623 semper

329 1637 421 1662 uicium
434 1637 573 1662 inuenieus.
612 1636 653 1662 Sic
671 1637 765 1661 bonum
785 1638 867 1662 ocium
881 1639 953 1662 uanis
966 1638 1041 1662 rebus

327 1687 471 1713 conterunt,
492 1692 540 1709 nec
561 1684 642 1709 bonas
663 1683 751 1708 literas
773 1692 885 1717 unquam
907 1684 1044 1716 attingunt.

331 1730 434 1756 Vtinam
449 1731 485 1756 sic
499 1731 657 1755 ruminarent
678 1730 781 1755 Nouum
803 1730 997 1756 Testamentum
1017 1735 1043 1755 et

330 1777 448 1806 Bibliam,
461 1777 520 1803 etin
532 1777 570 1802 his
583 1780 712 1802 certarent
724 1785 780 1802 cum
791 1777 964 1802 saecularibus
986 1786 1041 1810 per-

329 1824 388 1849 inde
397 1829 424 1849 ut
437 1825 463 1849 in
477 1825 549 1850 uanis
559 1825 671 1856 somnijs⁴
709 1824 780 1849 Nihil
790 1824 857 1849 enim
867 1824 972 1857 prodest
981 1833 1041 1850 con-

330 1875 418 1896 centus
435 1875 533 1902 cantus,
551 1871 572 1895 si
589 1879 639 1896 non
658 1871 690 1896 sit
711 1876 851 1896 concentus
869 1871 999 1896 charitatis
1015 1875 1042 1896 et

331 1917 481 1942 dilectionis
505 1917 573 1946 Quid
584 1917 651 1942 enim
661 1917 782 1943 conducit
793 1926 856 1943 uoce
866 1918 1012 1947 conuenire,
1023 1918 1044 1942 si

331 1968 415 1989 mente
426 1964 572 1997 discrepes?
598 1964 677 1989 Haud
686 1964 760 1989 facile
773 1972 877 1998 possum
891 1964 985 1994 dicere,
997 1964 1042 1990 sed

332 2011 393 2039 scio,
406 2014 432 2035 et
444 2011 469 2035 iu
492 2011 530 2035 his
552 2011 659 2036 canticis
675 2011 847 2044 Augustinum
868 2011 977 2041 fleuisse,
998 2020 1046 2037 nec

334 2057 467 2082 Beniamin
477 2057 694 2083 adolescentulum
704 2058 729 2082 in
740 2066 847 2084 excessu
858 2059 949 2084 mentis
959 2058 1043 2083 fuisse.

334 2103 420 2132 Quare
433 2104 459 2128 in
469 2104 537 2128 nullo
547 2104 604 2129 loco
616 2104 747 2129 Gallorum
761 2105 946 2138 religiosorum,
959 2114 1008 2131 nec
1020 2105 1046 2130 in

333 2149 418 2174 multis
430 2149 507 2174 etiam
521 2150 687 2175 saecularium
701 2152 823 2185 eollegijs,
832 2151 881 2177 hoc
893 2160 974 2185 genus
987 2160 1046 2177 can-

332 2195 403 2220 tandi
413 2200 551 2221 exercetur.
574 2196 679 2222 Interfui
691 2198 757 2223 enim
768 2207 825 2224 cum
835 2198 968 2232 Uesperae
979 2198 1045 2223 cele-

332 2243 465 2267 brarentur
474 2242 499 2266 in
510 2243 647 2276 praecipuo
659 2244 798 2269 Galliarum
810 2245 920 2277 collegio
933 2245 1047 2277 Parisijs,

333 2288 400 2321 quod
413 2289 522 2314 Nostrae
535 2289 661 2315 Dominae
673 2290 776 2316 dicitur:
790 2292 832 2316 nbi
844 2292 903 2316 Dux
916 2291 1044 2317 Albaniae

334 2336 405 2368 regni
415 2336 517 2361 Scotiae
527 2337 603 2369 perid
613 2341 711 2370 tempus
720 2339 877 2372 princeps‚et
886 2339 981 2372 primus
991 2338 1052 2364 Par-

1075 1168 1227 1202 Magnificat
1250 1169 1286 1194 usi
1309 1173 1375 1194 sunt.
1412 1168 1446 1194 Et
1466 1169 1492 1193 in
1514 1169 1624 1194 ecclesia
1646 1168 1789 1194 Senonensi

1075 1224 1141 1249 quae
1171 1219 1211 1240 est
1239 1214 1380 1241 Galliarum
1411 1220 1438 1240 et
1463 1215 1618 1240 Germaniae
1649 1215 1789 1248 antiquitus

1075 1262 1185 1288 ecclesia
1205 1262 1346 1296 primitialis
1367 1262 1460 1293 extitit,
1482 1270 1610 1295 nunquam
1629 1262 1678 1287 nisi
1698 1265 1789 1287 cantus

1673 1327 1679 1333 .
1717 1308 1789 1333 Bone

1074 1356 1154 1386 Deus,
1178 1359 1301 1389 quantum
1327 1356 1374 1388 ocij
1401 1356 1460 1381 boni
1486 1355 1556 1380 hisce
1577 1355 1744 1388 temporibus,
1763 1354 1788 1378 in

1077 1309 1252 1342 Gregorianus
1267 1309 1407 1334 admittitur
1420 1309 1446 1333 in
1465 1308 1551 1335 choro.
1588 1327 1594 1333 .
1631 1328 1637 1334 .

1074 1402 1170 1434 Anglia
1182 1406 1208 1427 et
1222 1402 1317 1433 Scoffia,
1329 1402 1355 1427 in
1368 1410 1420 1427 una
1439 1402 1516 1427 missa
1529 1401 1658 1426 cantanda
1679 1401 1789 1426 inaniter

1071 1452 1221 1474 conterunt:
1245 1457 1352 1482 quarum
1371 1453 1431 1479 tres,
1445 1452 1472 1473 ut
1485 1448 1511 1473 in
1524 1448 1669 1482 plurimum,
1682 1448 1789 1481 singulis

1074 1495 1163 1521 diebus
1177 1496 1317 1525 celebrant,
1330 1496 1367 1521 ita
1379 1500 1407 1521 ut
1420 1504 1467 1521 nec
1480 1495 1559 1521 sacris
1571 1495 1660 1526 literis,
1673 1504 1720 1520 nec
1734 1495 1789 1527 alijs

1074 1543 1163 1572 literis,
1173 1543 1244 1568 locus
1254 1542 1366 1576 reliquus
1375 1543 1416 1568 sit.
1448 1543 1483 1567 At
1495 1542 1556 1567 mihi
1569 1542 1668 1574 obijcis,
1678 1542 1698 1567 si
1709 1543 1791 1575 quoti-

1076 1589 1117 1615 die
1130 1593 1208 1615 cantu
1227 1589 1387 1622 Gregoriano
1407 1593 1544 1619 uteremur,
1557 1589 1623 1615 inter
1636 1590 1690 1614 dies
1710 1589 1790 1614 festos

1077 1640 1103 1661 et
1115 1636 1225 1669 reliquos
1237 1635 1300 1660 nihil
1313 1635 1415 1661 omnino
1437 1636 1581 1662 interesset.
1619 1635 1698 1661 Cuius
1717 1644 1790 1668 argu-

1081 1683 1159 1708 menti
1171 1683 1196 1707 in
1210 1687 1329 1716 promptu
1341 1686 1380 1708 est
1391 1682 1491 1708 solutio.
1530 1682 1597 1708 Nam
1610 1682 1681 1708 festis
1701 1682 1790 1708 diebus

1079 1739 1094 1755 a
1106 1730 1228 1764 praelatis
1248 1738 1304 1755 cum
1325 1729 1552 1762 praestantioribus
1573 1729 1739 1759 ornamentis,
1753 1738 1792 1754 or-

1076 1777 1150 1808 ganis
1158 1777 1292 1807 adiunctis,
1301 1776 1480 1802 celebrandurn
1490 1780 1537 1802 est.
1573 1796 1578 1801 .
1615 1795 1621 1801 .
1657 1795 1664 1802 .
1692 1776 1790 1801 Cantus

1077 1823 1140 1849 alius
1165 1823 1374 1849 commendabilis
1398 1823 1475 1848 etiam
1500 1828 1548 1853 est,
1570 1823 1611 1848 ubi
1641 1823 1716 1848 litera
1740 1832 1791 1848 una

1077 1870 1226 1903 intelligitur
1239 1878 1295 1896 cum
1309 1875 1380 1895 nota:
1398 1878 1449 1903 quo
1462 1870 1487 1894 in
1506 1878 1601 1902 genere
1621 1874 1679 1894 sunt
1694 1869 1791 1895 Missae

1080 1917 1146 1942 illius
1168 1917 1326 1943 deuotissimi
1347 1921 1374 1942 et
1400 1916 1584 1949 religiosissimi
1608 1917 1656 1941 uiri
1683 1917 1792 1942 Abbatis

1079 1964 1166 1990 Sancti
1182 1964 1333 1992 Columbae,
1346 1963 1440 1988 ordinis
1459 1964 1538 1988 nostri
1558 1963 1636 1988 totius
1657 1964 1683 1988 in
1704 1963 1792 1989 Scotia

1081 2012 1210 2045 specimen
1235 2010 1376 2044 singulare:
1405 2014 1431 2035 et
1452 2010 1519 2035 illius
1540 2010 1617 2035 etiam
1639 2010 1792 2035 uenerabilis

1079 2058 1126 2083 uiri
1158 2057 1262 2082 Domini
1295 2056 1434 2082 Alexandri
1463 2056 1660 2081 Patersouensis
1688 2057 1791 2088 sacrarij

1084 2105 1190 2138 Regalis
1213 2104 1320 2136 Collegij
1344 2103 1527 2136 StirlingensiS‚
1551 2112 1617 2137 quae
1638 2112 1690 2128 non
1711 2103 1792 2128 minus

1081 2152 1243 2176 deuotionem
1253 2150 1395 2176 accendunt
1404 2159 1479 2184 quam
1487 2151 1580 2175 bonam
1589 2150 1792 2175 delectationem.

1082 2198 1135 2223 Iste
1148 2202 1232 2223 autem
1245 2202 1336 2223 cantus
1347 2202 1386 2222 est
1396 2202 1422 2222 et
1434 2197 1491 2222 Deo
1502 2201 1528 2222 et
1541 2196 1684 2222 hominibus
1697 2200 1793 2228 gratus,

1082 2245 1227 2270 cantoribus
1241 2248 1267 2270 et
1279 2245 1454 2270 inuentoribus
1465 2244 1632 2270 meritorius.”
1656 2242 1793 2275 (Exegesis

1080 2291 1106 2315 in
1127 2290 1260 2316 Canonem
1283 2290 1344 2315 Diui
1366 2290 1504 2323 Augustini
1525 2298 1614 2316 recens
1637 2289 1730 2318 aedita,
1748 2297 1794 2322 per

1082 2337 1196 2363 Fratrem
1212 2337 1352 2363 Robertum
1375 2337 1566 2367 Richardinum,
1584 2336 1690 2362 celebris
1705 2335 1794 2361 Eccle-
