1922 2764
576 145 615 179 B.
646 145 692 179 V.
721 144 890 178 MARIE
919 143 987 178 ET
1015 144 1050 178 S.
1081 144 1238 179 ANNE.
1591 150 1636 185 39

178 242 348 288 quondam
370 242 514 276 Andree
534 241 618 276 Hall
637 253 682 276 ex
700 240 906 275 occidentali
924 240 1081 287 partibus
1099 249 1107 276 l
1125 241 1214 275 Item
1233 248 1378 287 quatuor
1406 242 1505 276 solidi
1533 244 1636 277 annui

176 303 332 338 redditus
360 303 535 337 annuatim
561 302 702 337 leuandi
721 302 764 336 de
783 307 986 336 tenemento
1010 314 1103 336 nunc
1129 302 1328 347 pertinente
1350 303 1525 337 Willelmo
1545 303 1636 338 Lou-

175 364 269 399 thian
293 364 432 411 jacente
459 364 492 398 in
523 363 662 398 ciuitate
690 362 904 409 Glasguensi
929 362 964 397 in
994 361 1064 396 Via
1093 362 1218 397 Sancte
1249 362 1498 399 Teneulalias
1529 364 1636 399 Beate

176 424 290 459 Marie
309 437 446 472 semper
461 423 621 470 Virginis
637 432 645 460 Ι
662 423 752 458 inter
767 429 877 458 terras
896 423 1068 470 quondam
1088 422 1208 457 Dauid
1228 422 1350 457 Pollok
1365 436 1409 457 ex
1424 424 1582 458 orientali
1601 431 1637 459 et

174 492 286 520 terras
304 485 378 520 siue
392 490 629 520 tenementum
650 484 796 519 Roberti
816 483 931 530 Bogill
947 495 992 518 ex
1006 483 1212 518 occidentali
1230 483 1386 530 partibus
1403 491 1411 519 Ι
1428 484 1514 518 Item
1531 497 1634 519 vnum

174 547 337 581 horreum
355 559 431 581 cum
450 546 582 580 duabus
601 545 685 592 rigis
703 552 874 580 terrarum
893 544 1057 591 contigue
1077 543 1188 579 eidem
1211 543 1449 578 adiacentibus
1464 544 1584 590 jacens
1603 544 1636 578 in

175 606 301 653 Longa
320 606 441 641 Crofta
458 606 549 640 inter
568 611 679 640 terras
696 605 819 641 Jacobi
846 605 973 639 Brvme
994 617 1039 640 ex
1058 604 1265 639 occidentali
1284 610 1320 638 et
1337 609 1449 638 terras
1467 605 1637 650 quondam

176 667 341 702 Willelmi
370 667 526 713 Wylkyn
554 679 599 701 ex
626 666 786 701 orientali
817 666 972 713 partibus
989 674 997 702 Ι
1014 665 1104 700 Item
1139 677 1203 700 sex
1238 664 1338 700 solidi
1374 664 1637 699 annuiredditus

174 728 349 763 annuatim
368 727 507 763 leuandi
521 727 564 762 de
579 733 781 762 tenemento
800 727 833 761 in
850 739 916 773 quo
935 726 1104 761 inhabitat
1123 726 1293 761 Patricius
1315 725 1413 760 Scott
1430 725 1527 760 faber
1547 725 1638 760 inter

173 796 284 823 terras
311 789 385 823 siue
411 794 613 823 tenementa
631 788 802 834 quondam
829 787 1013 822 Michaelis
1039 787 1214 834 Flemyng
1240 799 1285 821 ex
1312 786 1454 821 australi
1474 792 1509 821 et
1527 792 1637 821 terras

175 849 323 884 Henrici
340 849 520 883 Wilsoune
533 854 568 883 et
580 848 751 895 quondam
766 848 962 882 Alexandri
979 848 1239 882 Walterstoune
1255 860 1300 882 ex
1313 847 1446 882 boreali
1460 846 1615 894 partibus
1631 868 1636 874 ·

175 909 347 944 Tenenda
372 909 531 945 habenda
548 916 582 944 et
601 909 811 956 possidenda
837 909 993 956 predicta
1010 914 1212 943 tenementa
1237 908 1477 955 possessiones
1505 920 1637 942 annuos

173 970 330 1005 redditus
359 983 433 1005 cum
462 970 684 1017 pertinentiis
703 970 882 1016 capellano
909 982 968 1004 seu
997 968 1229 1016 prebendario
1255 981 1318 1016 per
1345 982 1399 1003 me
1428 968 1637 1002 nominando

173 1031 364 1066 celebranti
383 1038 417 1066 et
435 1030 643 1065 ministranti
662 1031 696 1064 in
716 1030 807 1064 dicta
827 1030 985 1064 Ecclesia
1001 1029 1198 1076 Collegiata
1216 1029 1325 1065 Beate
1346 1029 1460 1064 Marie
1476 1029 1636 1076 Virginis

173 1098 208 1127 et
228 1091 334 1127 Anne
353 1092 479 1126 Matris
498 1092 571 1126 eius
586 1091 643 1138 qui
662 1104 724 1138 pro
739 1098 896 1138 tempore
911 1090 1017 1125 fuerit
1033 1099 1041 1125 Ι
1057 1090 1091 1125 in
1110 1103 1230 1138 puram
1247 1096 1282 1125 et
1300 1096 1503 1137 perpetuam
1520 1090 1635 1124 elimo-

173 1153 279 1187 sinam
300 1165 375 1187 cum
395 1153 552 1187 omnibus
572 1158 607 1187 et
626 1152 771 1199 singulis
791 1152 860 1186 suis
879 1151 1100 1186 libertatibus
1119 1151 1419 1185 commoditatibus
1438 1150 1636 1186 asiamentis

172 1226 211 1247 ac
225 1213 328 1259 justis
347 1213 417 1247 suis
435 1212 656 1260 pertinentiis
675 1213 938 1259 quibuscunque
963 1212 1006 1247 ad
1025 1212 1116 1246 dicta
1133 1218 1335 1247 tenementa
1353 1218 1389 1246 et
1406 1224 1540 1247 annuos
1558 1212 1635 1247 red-

172 1273 264 1308 ditus
292 1287 332 1308 ac
356 1280 466 1308 terras
495 1280 693 1321 spectantes
723 1286 784 1308 seu
809 1273 903 1320 juste
923 1278 1081 1320 spectare
1099 1272 1257 1308 valentes
1276 1272 1309 1306 in
1329 1272 1483 1307 futurum
1531 1272 1635 1307 Adeo

171 1334 281 1369 libere
300 1335 416 1382 quiete
442 1335 597 1382 plenarie
624 1335 762 1381 integre
789 1334 880 1368 bene
908 1339 943 1368 et
969 1334 1003 1367 in
1030 1346 1115 1379 pace
1143 1333 1178 1367 in
1197 1333 1355 1367 omnibus
1381 1339 1416 1368 et
1441 1346 1504 1380 per
1523 1333 1636 1367 omnia

172 1396 261 1430 sicut
278 1396 391 1442 alique
410 1401 504 1430 terre
524 1396 597 1430 siue
616 1401 818 1430 tenementa
831 1394 921 1429 infra
938 1407 1085 1441 regnum
1107 1394 1222 1429 Scotie
1241 1394 1276 1428 in
1294 1399 1498 1441 perpetuam
1518 1393 1634 1428 elimo-

172 1456 280 1490 sinam
298 1456 399 1490 alicui
417 1456 595 1503 capellano
615 1456 687 1490 siue
706 1455 939 1502 prebendario
957 1461 1129 1502 perpetuo
1144 1455 1269 1489 dantur
1289 1467 1351 1489 seu
1369 1455 1611 1489 conceduntur
1626 1474 1632 1480 ·

174 1517 254 1557 Que
267 1529 351 1551 vero
362 1517 552 1564 capellania
567 1517 640 1551 siue
655 1517 835 1563 prebenda
846 1516 1079 1550 intitulabitur
1095 1524 1104 1551 Ι
1121 1516 1164 1550 de
1179 1515 1330 1550 Nomine
1342 1515 1453 1552 Jhesu
1476 1536 1482 1542 ·
1507 1515 1633 1549 Reser-

172 1578 285 1611 uando
312 1577 414 1612 michi
440 1577 678 1624 quoaduixero
697 1583 733 1612 et
749 1590 813 1624 pro
832 1582 905 1611 toto
925 1583 1081 1623 tempore
1101 1576 1172 1611 vite
1191 1588 1266 1611 mee
1294 1576 1447 1622 proficua
1465 1582 1500 1611 et
1518 1576 1621 1611 emoli

172 1644 288 1672 menta
305 1638 473 1672 dictorum
496 1643 775 1672 tenementorum
804 1649 995 1672 annuorum
1022 1636 1220 1671 reddituum
1239 1642 1275 1672 et
1293 1643 1463 1672 terrarum
1480 1645 1488 1673 Ι
1507 1637 1634 1672 Reser-

172 1699 285 1732 uando
312 1699 414 1733 etiam
441 1698 544 1733 michi
571 1704 607 1733 et
633 1699 791 1733 omnibus
819 1697 1139 1745 superexpressatis
1157 1697 1246 1732 viuis
1265 1703 1301 1732 et
1319 1697 1492 1732 defunctis
1510 1697 1634 1731 oratio-

172 1772 252 1793 num
267 1766 302 1794 et
319 1760 514 1794 diuinorum
533 1759 696 1805 suffragia
712 1768 720 1795 l
739 1758 969 1793 Reseruando
984 1758 1087 1792 etiam
1105 1757 1208 1792 michi
1226 1770 1289 1804 pro
1304 1763 1376 1791 toto
1391 1764 1546 1803 tempore
1562 1757 1632 1791 vite

171 1833 247 1855 mee
278 1820 498 1855 donatiouem
532 1819 787 1855 institutionem
819 1825 855 1854 et
884 1818 1181 1866 presentationem
1212 1817 1381 1864 capellani
1412 1817 1540 1862 ydonei
1571 1829 1633 1851 seu

171 1881 392 1927 prebendarii
409 1881 444 1915 in
464 1887 500 1916 et
519 1881 562 1915 ad
581 1880 726 1915 eandem
746 1879 970 1926 capellaniam
998 1891 1059 1913 seu
1085 1877 1297 1925 prebendam
1316 1876 1449 1911 tociens
1467 1877 1633 1923 quociens

172 1941 273 1976 michi
292 1941 466 1976 videbitur
493 1941 662 1988 expedire
689 1941 747 1987 qui
775 1939 966 1975 celebrabit
992 1939 1027 1972 in
1055 1938 1146 1972 dicta
1173 1937 1333 1972 Ecclesia
1352 1937 1548 1983 Collegiata
1574 1944 1632 1972 aut

171 2002 323 2037 cantabit
340 2002 457 2036 diuina
475 2002 585 2036 officia
610 2002 654 2036 ad
679 2013 793 2035 meum
820 1999 981 2047 placitum
1000 2004 1039 2033 vt
1062 1998 1165 2032 michi
1191 1997 1314 2032 melius
1332 1997 1507 2032 videbitur
1526 2010 1631 2045 expe—

172 2062 245 2097 dire
268 2083 274 2088 -
297 2062 386 2097 Item
412 2068 491 2109 post
507 2075 620 2097 meum
639 2062 681 2096 ab
699 2061 764 2095 hac
781 2060 871 2094 valle
898 2058 1138 2094 lachrimarum
1157 2058 1337 2092 decessum
1357 2058 1436 2092 volo
1455 2064 1491 2092 et
1509 2058 1631 2093 ordino

171 2122 316 2157 balliuos
343 2129 378 2157 et
404 2123 564 2158 consules
595 2121 744 2157 ciuitatis
775 2119 1007 2166 Glasguensis
1034 2118 1092 2165 qui
1118 2131 1181 2164 pro
1211 2124 1367 2165 tempore
1394 2118 1523 2153 fuerint
1554 2131 1631 2154 esse

171 2189 334 2229 patronos
349 2183 440 2218 dicte
456 2183 647 2230 capellanie
693 2181 763 2222 Qui
778 2180 914 2227 patroni
930 2180 972 2214 ad
990 2179 1135 2214 eandem
1151 2179 1375 2226 capellaniam
1396 2180 1470 2214 siue
1484 2180 1631 2227 preben—
