1922 2764
246 247 316 278 200
671 240 998 276 MUNIMENTA
1029 239 1290 275 FRATRUM

244 354 419 399 integrum
438 352 588 400 spacium
608 352 703 399 prius
720 351 900 386 fundatum
921 351 952 385 in
974 351 1065 385 dicta
1083 351 1224 385 ciuitate
1243 350 1457 394 Glasguensi
1477 351 1567 386 iuter
1590 352 1707 386 Eccle—

245 415 327 449 siam
347 414 499 461 ipsorum
518 413 678 448 Fratrum
698 419 733 447 et
754 412 1000 447 Dormitorium
1022 411 1211 446 eorundem
1231 423 1276 445 ex
1305 417 1404 458 parte
1424 411 1630 447 occidentali
1658 413 1709 447 sui

247 475 399 511 Claustri
426 475 491 509 hoc
510 475 614 510 modo
633 474 796 509 videlicet
841 474 878 508 In
900 472 1017 520 primis
1044 478 1240 506 construam
1268 484 1329 506 seu
1357 472 1525 507 edificabo
1545 480 1581 508 vt
1608 487 1711 521 supra

245 537 279 571 in
307 536 400 571 dicto
430 536 540 583 spatio
572 535 722 582 quinque
742 535 797 569 vel
830 547 890 568 sex
924 534 1033 568 voltas
1064 533 1209 567 inferius
1240 541 1343 580 prout
1371 534 1509 569 vtilitati
1541 535 1710 570 dictorum

245 598 404 632 Fratrum
435 597 557 631 melius
588 609 783 643 congruere
802 595 976 629 videbitur
1021 594 1185 641 Desuper
1204 607 1288 629 vero
1316 595 1401 630 duas
1429 595 1523 630 aulas
1553 596 1637 631 duas
1656 610 1710 631 co-

245 658 367 705 quinas
386 664 421 693 et
439 664 584 704 quatuor
603 669 754 691 cameras
800 656 855 690 Ac
882 655 1009 690 deinde
1037 655 1157 690 domos
1184 656 1382 703 superiores
1402 656 1532 692 eisdem
1551 657 1638 692 aulis
1656 671 1711 692 co-

245 719 358 767 quinis
378 725 413 754 et
431 719 575 754 cameris
594 717 908 764 correspondentes
928 717 961 750 in
982 716 1077 763 solijs
1097 729 1173 750 cum
1200 717 1329 762 tegulis
1348 717 1437 752 bene
1457 724 1566 753 tectas
1610 718 1656 753 Et
1675 719 1708 752 in

246 781 350 828 lignis
369 793 407 815 ac
426 780 550 815 tabulis
569 779 714 813 honeste
734 778 916 825 dispositas
962 777 1120 812 Parietes
1140 778 1280 825 insuper
1299 778 1492 813 huiusmodi
1521 779 1645 826 edificij
1674 779 1707 813 in

245 841 428 877 altitudine
446 840 770 888 correspondebunt
796 839 1009 886 parieti[bu]s
1033 839 1124 873 dicte
1154 839 1313 874 Ecclesie
1332 846 1368 874 et
1393 840 1427 874 in
1448 841 1517 874 suis
1544 840 1709 876 lateribus

246 903 477 938 exterioribus
497 915 572 936 cum
591 901 762 948 lapidibus
781 902 871 935 bene
891 900 1033 947 sculptis
1054 900 1217 935 videlicet
1235 901 1267 935 le
1296 901 1431 936 astlaris
1459 901 1710 937 edificabuntur

246 964 405 999 Vlterius
425 976 507 998 vero
534 976 596 1009 pro
625 962 752 997 maiore
771 968 807 997 et
826 962 975 996 firmiore
1004 962 1262 996 sustentacione
1282 962 1373 997 dicte
1394 963 1585 1010 capellanie
1605 963 1649 998 do
1676 970 1711 998 et

246 1026 497 1072 imperpetuum
520 1025 659 1070 assigno
686 1023 787 1058 dictis
819 1023 998 1057 Fratribus
1030 1036 1162 1057 annuos
1194 1024 1352 1058 redditus
1384 1024 1621 1072 infrascriptos
1652 1025 1710 1072 qui

246 1086 347 1120 michi
367 1098 410 1120 ex
429 1085 547 1119 diuina
563 1085 681 1131 gracia
699 1091 734 1119 et
752 1091 944 1131 conquestu
963 1085 1183 1119 aduenerunt
1215 1085 1448 1120 extendentes
1468 1099 1505 1120 se
1533 1086 1710 1121 annuatim

245 1148 287 1182 ad
306 1147 555 1194 quinquaginta
570 1147 697 1181 solidos
716 1152 854 1181 monete
876 1146 995 1181 Scocie
1014 1146 1079 1181 hoc
1097 1147 1199 1181 modo
1218 1147 1383 1182 videlicet
1426 1147 1560 1182 Decem
1581 1148 1709 1182 solidos

245 1209 284 1243 ad
306 1208 597 1243 sustentacionem
618 1214 653 1242 et
670 1207 929 1254 reparacionem
949 1207 1031 1242 dicti
1052 1208 1176 1254 editicij
1205 1208 1380 1243 annuatim
1408 1216 1486 1256 post
1504 1209 1709 1256 completam

245 1270 541 1305 consti-necionem
558 1270 631 1304 siue
647 1269 903 1304 edificacionem
923 1269 1076 1303 eiusdem
1095 1291 1100 1296 ·
1120 1276 1155 1304 ct
1169 1269 1321 1316 reliquos
1336 1270 1565 1317 quadraginta
1579 1270 1711 1305 solidos

245 1332 336 1366 inter
354 1332 496 1366 Fratres
514 1331 548 1365 in
568 1331 702 1378 prefata
719 1330 910 1378 capellania
930 1331 1110 1365 actualiter
1125 1331 1359 1365 ministrantes
1375 1331 1497 1365 ordino
1516 1337 1552 1366 et
1570 1332 1710 1377 assigno

245 1393 478 1440 disponendos
494 1393 537 1427 de
553 1393 655 1427 terris
674 1398 710 1427 et
727 1392 937 1427 tenementis
958 1392 1185 1439 infrascriptis
1205 1392 1367 1426 videlicet
1407 1392 1611 1427 Octodecim
1633 1393 1709 1427 soli·

245 1455 306 1488 dos
334 1454 376 1488 de
396 1460 597 1488 tenemento
617 1453 735 1488 Dauid
752 1453 860 1500 Spere
889 1453 1027 1499 jacente
1056 1453 1089 1487 in
1110 1453 1185 1487 vico
1204 1453 1341 1500 publico
1361 1467 1397 1488 se
1425 1454 1640 1489 extendente
1667 1456 1709 1489 ab

250 1515 404 1550 Ecclesia
425 1515 625 1550 Cathedrali
648 1514 861 1561 Glasguensi
890 1527 997 1560 vsque
1018 1514 1166 1549 Crucem
1195 1514 1275 1548 Fori
1303 1514 1458 1549 eiusdem
1486 1522 1521 1550 et
1549 1528 1591 1550 ex
1612 1522 1709 1563 parte

246 1577 405 1612 orientali
423 1577 530 1624 ipsius
546 1577 611 1611 vici
630 1576 721 1611 inter
740 1582 939 1611 tenementa
956 1575 1150 1623 Hospitalis
1165 1576 1397 1623 Glasguensis
1412 1589 1456 1611 ex
1476 1584 1572 1624 parte
1588 1577 1708 1612 boriali

245 1646 281 1673 et
300 1638 434 1673 Thome
452 1637 639 1684 Myntet'ne
653 1651 696 1673 ex
711 1643 810 1685 parte
827 1638 967 1672 australi
1004 1638 1092 1672 Item
1112 1638 1292 1672 duodecim
1313 1638 1440 1672 solidos
1461 1638 1553 1673 dicte
1571 1646 1708 1673 monete

246 1700 288 1734 de
308 1705 509 1734 tenemento
528 1699 697 1746 quondam
717 1698 887 1735 Johannis
908 1698 1040 1745 Hynde
1057 1700 1196 1746 jacente
1214 1699 1303 1734 infra
1327 1699 1451 1734 dictam
1471 1700 1644 1734 ciuitatem
1674 1699 1707 1734 in

246 1761 321 1795 vico
343 1760 467 1795 Sancte
496 1759 652 1794 Thanew
680 1773 724 1794 ex
755 1767 853 1807 parte
881 1760 1020 1795 australi
1054 1761 1208 1795 ciusdem
1239 1761 1330 1795 inter
1361 1767 1561 1796 tenementa
1592 1761 1709 1796 Dauid

247 1821 429 1856 Cochrane
449 1833 491 1855 ex
511 1827 609 1868 parte
624 1821 785 1856 orientali
801 1828 836 1856 et
853 1821 1017 1856 willelmi
1040 1821 1179 1857 Broune
1195 1835 1239 1857 ex
1257 1828 1355 1869 parte
1371 1822 1576 1857 occidentali
1621 1822 1708 1857 [teni

246 1888 392 1929 quatuor
411 1883 539 1917 solidos
558 1883 600 1917 de
620 1889 821 1918 tenemento
848 1889 884 1918 et
908 1889 983 1918 orto
1009 1883 1179 1918 Johannis
1209 1883 1340 1918 Leiclie
1367 1884 1547 1931 piscatoris
1570 1884 1709 1931 jacente

246 1943 279 1976 in
299 1943 439 1978 ciuitate
462 1943 675 1989 Glasguensi
693 1943 728 1978 in
750 1945 825 1979 vico
851 1944 1066 1979 extendente
1093 1945 1136 1979 ad
1165 1945 1308 1979 Pontem
1333 1945 1590 1992 Glasguensem
1618 1946 1710 1980 inter

246 2010 446 2038 tenementa
466 2003 571 2038 Alani
593 2003 728 2039 Olifant
746 2017 790 2039 ex
816 2011 914 2052 parte
944 2005 1148 2040 occidentali
1181 2013 1216 2041 ct
1245 2007 1374 2042 Jonete
1407 2007 1516 2041 Finlai
1537 2019 1580 2042 ex
1612 2014 1709 2054 parte

248 2063 406 2098 orientali
450 2064 537 2098 Item
558 2064 678 2099 decem
698 2065 825 2100 solidos
851 2066 894 2100 de
922 2074 1123 2101 tenemento
1144 2067 1294 2102 meridi
1323 2067 1496 2114 Maknayr
1516 2075 1551 2103 et
1577 2068 1708 2102 duabus

247 2123 341 2158 rodis
359 2131 452 2158 terre
472 2124 626 2159 eiusdem
642 2126 838 2172 jacentibus
857 2127 891 2161 in
911 2128 1003 2162 dicta
1021 2128 1161 2163 ciuitate
1183 2128 1397 2175 Glasguensi
1416 2135 1452 2163 et
1469 2129 1502 2163 in
1529 2129 1560 2164 le
1582 2129 1708 2164 Mutal-

248 2184 337 2219 croft
354 2185 445 2219 inter
463 2191 576 2219 ttrras
593 2186 763 2222 Johannis
784 2187 918 2223 Olifant
937 2202 980 2223 ex
1009 2196 1106 2236 parte
1126 2189 1285 2224 orientali
1304 2196 1340 2224 et
1366 2196 1478 2225 terras
1497 2190 1646 2225 Abbatis
1665 2191 1708 2225 de

250 2245 388 2279 Pasleto
404 2257 448 2279 ex
466 2252 563 2292 parte
579 2246 784 2282 occidentali
803 2249 1075 2284 extendentibus
1090 2263 1109 2284 a
1125 2250 1300 2285 Viridario
1319 2251 1533 2297 Glasguensi
1548 2264 1593 2286 ex
1611 2258 1708 2298 parte

249 2305 389 2340 australi
420 2312 456 2339 et
490 2307 660 2341 communi
693 2307 748 2342 via
778 2309 992 2344 extendente
1023 2322 1043 2344 a
1075 2310 1221 2357 Capella
1256 2311 1382 2346 Sancte
1414 2311 1568 2347 Thanew
1602 2325 1707 2358 vsque
