1922 2764
227 257 272 293 68
549 255 704 290 LIBER
730 254 978 290 ECCLESIE
1007 254 1346 290 COLLEGIATE

231 354 310 401 [etc.
329 359 369 388 ut
385 365 495 399 supra
508 365 596 400 pag.
616 351 666 398 5.]
699 352 835 393 Quibus
854 352 1011 386 omnibus
1030 358 1065 386 et
1083 351 1228 398 singulis
1256 351 1304 385 sic
1321 350 1419 385 factis
1438 356 1473 385 et
1496 350 1530 384 in
1554 351 1685 397 judicio

229 413 412 449 celebratis
429 419 584 448 nostrum
602 425 641 448 ac
659 413 751 447 dicte
770 417 887 447 nostre
907 412 1001 447 curie
1020 411 1266 446 consistorialis
1286 411 1524 446 auctoritatem
1542 411 1685 457 judicia-

230 474 314 508 riam
333 480 368 508 et
386 474 589 508 ordinariam
610 473 769 507 duximus
792 472 1081 519 interponendum
1109 471 1377 518 interposuimus
1403 472 1686 519 presentiumque

231 541 353 569 tenore
371 534 621 582 interponimus
639 534 770 580 pariter
789 539 824 568 et
842 533 1019 567 decretum
1037 540 1045 567 J

233 645 362 690 Tenor
380 668 464 691 vero
481 655 786 690 instrumentorum
803 654 845 688 de
860 653 983 699 quibus
1003 664 1106 698 supra
1123 652 1161 686 fit
1175 651 1304 687 mentio
1324 651 1518 686 successiue
1534 652 1689 698 sequitur

235 722 272 750 vt
290 716 379 750 infra

238 863 308 928 IN
335 894 426 928 DEI
451 894 589 929 nomine
609 892 723 928 Amen
747 914 752 919 -
777 892 844 927 Per
862 892 927 927 hoc
945 904 1090 938 presens
1116 891 1289 938 publicum
1309 891 1573 926 instrumentum
1592 903 1692 926 cunc-

238 955 281 989 tis
299 961 416 1002 pateat
434 955 615 989 euidenter
634 960 669 988 et
688 954 731 988 sit
752 959 869 988 notum
889 953 980 1000 quod
1002 965 1092 986 anno
1110 951 1356 986 incarnationis
1384 951 1568 986 Dominice
1586 951 1694 986 mille-

240 1015 324 1049 simo
342 1015 620 1062 quingentesimo
639 1014 874 1049 decimosexto
893 1013 949 1048 dic
968 1025 1051 1047 vero
1070 1012 1306 1047 decimosexto
1333 1012 1461 1046 mensis
1482 1011 1695 1059 Septembris

240 1075 434 1110 Indictione
450 1075 569 1122 quinta
612 1074 835 1109 Pontificatus
850 1073 1053 1108 sanctissimi
1068 1073 1102 1106 in
1119 1072 1259 1108 Christo
1274 1072 1381 1119 patris
1396 1078 1431 1107 et
1445 1072 1573 1106 domini
1587 1072 1696 1106 nostri

240 1135 381 1169 Domini
402 1134 533 1169 Leonis
553 1135 645 1181 Pape
665 1134 787 1169 decimi
803 1146 892 1168 anno
911 1139 1032 1180 quarto
1050 1142 1058 1169 l
1075 1133 1115 1167 In
1135 1132 1201 1167 mei
1220 1133 1344 1167 notarii
1362 1132 1490 1180 publici
1506 1138 1540 1167 et
1558 1132 1697 1167 testium

242 1196 511 1242 subscriptorum
542 1195 718 1241 presentia
748 1194 977 1241 personaliter
1004 1193 1190 1228 constituta
1216 1193 1345 1228 Joneta
1377 1192 1603 1227 Robertoune
1629 1192 1699 1226 filia

243 1256 413 1302 quondam
433 1255 628 1290 Alexandri
650 1255 875 1289 Robertoune
895 1260 930 1289 et
956 1253 1103 1288 Deuoce
1130 1253 1355 1288 Hamiltoune
1383 1253 1537 1287 existens
1555 1253 1589 1286 in
1609 1258 1699 1287 statu

242 1322 277 1351 et
295 1316 420 1351 saisina
436 1316 537 1351 vnius
555 1316 675 1350 domus
699 1316 846 1362 jacentis
865 1328 908 1350 ex
926 1321 1024 1361 parte
1043 1314 1226 1361 posteriori
1244 1313 1434 1348 tenementi
1454 1313 1566 1347 Marci
1587 1312 1670 1347 Hall
1688 1321 1696 1348 l

244 1377 437 1412 huiusmodi
457 1378 593 1411 domum
613 1377 685 1411 siue
700 1382 936 1411 tenementum
952 1388 1027 1410 cum
1043 1387 1214 1410 consensu
1230 1374 1320 1409 dicte
1341 1374 1485 1409 Deuoce
1505 1387 1565 1408 sue
1584 1374 1701 1408 matris

244 1437 278 1471 in
307 1437 461 1471 manibus
486 1437 697 1471 honorabilis
724 1436 787 1470 viri
815 1436 963 1470 Dauidis
990 1435 1159 1482 Lyndsay
1186 1434 1286 1469 vnius
1318 1434 1521 1468 balliuorum
1553 1434 1702 1469 ciuitatis

252 1498 482 1544 Glasguensis
508 1498 542 1531 in
568 1498 721 1532 fauorem
749 1496 958 1531 venerabilis
983 1495 1047 1530 viri
1074 1495 1228 1542 magistri
1255 1494 1377 1530 Jacobi
1407 1494 1613 1529 Houstoune
1640 1507 1703 1541 per

248 1566 341 1594 terre
361 1564 396 1592 et
412 1558 536 1604 lapidis
554 1557 774 1592 traditionem
793 1562 830 1591 vt
847 1556 951 1591 moris
971 1562 1023 1590 est
1040 1568 1126 1602 pure
1152 1561 1188 1590 et
1212 1555 1412 1602 simpliciter
1440 1554 1631 1601 resignauit
1657 1554 1704 1589 Et

249 1620 314 1654 hoc
328 1630 390 1665 pro
405 1624 500 1653 certa
514 1630 643 1652 summa
656 1617 803 1664 pecunie
818 1629 881 1663 per
895 1616 1023 1651 dictum
1042 1615 1242 1662 magistrum
1264 1615 1471 1650 Houstoune
1487 1615 1607 1649 eedem
1627 1627 1704 1662 per-

251 1679 362 1714 soluta
383 1700 389 1705 ·
414 1678 494 1718 Qua
510 1677 745 1724 resignatione
765 1677 813 1711 sic
832 1683 868 1711 vt
891 1676 1101 1723 premittitur
1118 1676 1208 1710 facta
1227 1676 1317 1710 idem
1335 1676 1482 1710 balliuus
1501 1675 1646 1710 accessit
1663 1675 1705 1709 ad

252 1739 416 1787 prefatam
436 1739 572 1773 domum
592 1738 639 1773 Et
656 1738 783 1772 ibidem
801 1737 922 1783 vigore
941 1742 976 1771 et
994 1737 1121 1771 virtute
1141 1736 1192 1770 sui
1211 1736 1311 1770 officii
1337 1748 1399 1782 per
1418 1742 1511 1770 terre
1532 1742 1566 1770 et
1583 1735 1706 1782 lapidis

253 1799 473 1834 traditionem
500 1805 624 1833 statum
651 1804 687 1832 et
713 1797 871 1832 saisinam
897 1797 1125 1832 hereditarios
1154 1796 1302 1831 Necnon
1329 1796 1457 1831 realem
1484 1796 1651 1831 actualem
1673 1802 1708 1830 et

256 1859 467 1907 corporalem
486 1858 739 1905 possessionem
757 1857 913 1904 predicte
933 1857 1053 1891 domus
1079 1856 1213 1903 prefato
1237 1856 1401 1903 magistro
1419 1857 1440 1892 J
1444 1857 1550 1891 acobo
1569 1856 1707 1902 suisque

255 1920 442 1955 heredibus
461 1925 496 1954 et
513 1919 696 1965 assignatis
714 1918 810 1953 dedit
827 1917 968 1952 tradidit
991 1917 1119 1964 pariter
1138 1922 1174 1951 et
1191 1917 1397 1952 deliberauit
1418 1938 1424 1943 ·
1450 1917 1560 1963 Super
1587 1917 1709 1963 quibus

259 1981 414 2015 omnibus
442 1986 477 2014 et
503 1979 648 2026 singulis
669 1978 823 2026 prefatus
848 1977 1013 2024 magister
1039 1977 1190 2013 Jacobus
1209 1990 1228 2011 a
1244 1989 1299 2012 me
1317 1977 1450 2011 notario
1468 1977 1606 2024 publico
1633 1976 1710 2010 sub-

260 2040 387 2087 scripto
405 2040 469 2074 sibi
488 2039 562 2074 fieri
588 2039 689 2086 petiit
707 2044 742 2073 et
760 2038 941 2084 requisiuit
959 2050 1063 2072 vnum
1091 2050 1150 2072 seu
1178 2037 1276 2084 plura
1303 2037 1475 2083 publicum
1494 2037 1549 2071 vel
1576 2037 1712 2084 publica

260 2100 524 2134 instrumentum
551 2104 586 2133 et
611 2099 839 2133 instrumenta
860 2118 866 2124 ι
892 2097 983 2133 Acta
1009 2103 1108 2132 erant
1133 2098 1197 2132 hec
1224 2110 1327 2144 super
1347 2097 1454 2131 fundo
1477 2097 1568 2131 dicte
1592 2097 1712 2131 domus

261 2160 345 2194 hora
363 2165 483 2193 octaua
501 2165 580 2193 ante
606 2158 784 2193 meridiem
802 2157 859 2192 vel
878 2170 919 2192 ea
936 2158 1026 2192 circa
1049 2158 1119 2192 Sub
1138 2170 1228 2192 anno
1246 2157 1301 2192 die
1328 2170 1446 2192 mense
1465 2157 1659 2192 Indictione
1678 2163 1714 2191 et

263 2219 463 2267 pontificatu
480 2219 602 2266 quibus
621 2231 724 2265 supra
744 2239 750 2245 ·
775 2218 999 2252 Presentibus
1018 2217 1144 2252 ibidem
1161 2217 1320 2253 Johanne
1338 2217 1541 2252 Johnsoune
1570 2216 1714 2251 Andrea

266 2279 438 2325 Flemyng
456 2284 491 2313 et
507 2278 666 2314 Johanne
686 2278 839 2324 Bargille
858 2277 984 2312 cliente
1004 2290 1080 2312 cum
1100 2278 1247 2312 diuersis
1265 2277 1339 2312 aliis
