1922 2764
612 255 653 289 B.
682 254 729 288 V.
758 253 926 288 MARIE
955 252 1022 287 ET
1052 254 1086 288 S.
1115 253 1275 288 ANNE.
1623 261 1664 291 41

210 353 394 388 Prebenda
411 352 593 387 vndecima
609 352 752 386 fundata
770 363 832 397 per
851 350 1120 398 suprascriptum
1141 350 1315 385 dominum
1335 350 1524 386 Martinum
1546 353 1634 388 Reid

207 442 510 508 PREBENDA
550 472 702 507 secunda
736 471 770 505 in
802 471 894 505 dicta
924 470 1084 505 Ecclesia
1113 469 1309 516 Collegiata
1340 469 1524 505 Beatarum
1556 472 1669 507 Marie

210 532 368 580 Virginis
400 539 435 568 et
463 532 569 568 Anne
601 532 726 567 Matris
757 531 912 566 eiusdem
942 543 1005 578 per
1036 543 1090 565 me
1122 529 1323 576 magistrum
1356 530 1545 565 Martinum
1579 533 1671 566 Reid

207 593 349 628 fundata
368 600 404 628 et
422 593 538 627 dotata
556 593 591 627 in
610 598 832 639 augmentum
852 591 961 626 diuini
979 591 1092 626 cultus
1115 597 1151 625 et
1176 603 1239 637 pro
1266 590 1376 624 salute
1402 591 1513 625 anime
1541 604 1616 626 mee
1636 600 1671 627 et

207 654 395 688 animarum
423 653 731 701 suprascriptarum
759 652 989 687 intitulabitur
1005 660 1013 687 Ι
1032 651 1216 685 Prebenda
1244 650 1361 686 Sancti
1388 650 1532 686 Martini
1550 660 1558 687 Ι
1575 653 1670 687 cuius

207 716 385 762 prebende
412 715 605 762 possessori
623 714 750 749 tradidi
768 713 896 748 donaui
914 719 950 748 et
968 712 1049 747 dedi
1075 712 1110 746 in
1138 724 1259 759 puram
1278 717 1314 746 et
1331 717 1533 758 perpetuam
1554 713 1670 747 elimo-

208 776 316 810 sinam
334 782 535 811 tenementa
553 776 672 810 domos
691 775 826 810 edificia
852 786 985 808 annuos
1012 773 1169 808 redditus
1195 779 1230 807 et
1255 778 1366 807 terras
1395 773 1610 820 subscripta!
1629 774 1669 808 In

208 836 326 883 primis
345 849 448 871 vnum
476 843 713 871 tenementum
745 835 899 870 anterius
922 835 1042 881 jacens
1069 834 1103 867 in
1132 833 1271 868 ciuitate
1294 833 1508 880 Glasguensi
1534 834 1568 867 in
1596 834 1672 869 vico

209 903 406 944 nuncupato
428 897 532 933 [The
555 896 758 943 Gallovgait
779 905 787 932 Ι
808 896 899 930 inter
931 901 1042 930 terras
1070 894 1242 941 quondam
1268 894 1390 930 Jacobi
1420 894 1601 929 IVilsoune
1628 908 1673 930 ex

208 957 368 992 orientali
387 964 422 992 et
441 963 550 992 terras
569 957 741 1004 quondam
762 957 908 991 Andree
929 955 1012 990 Hall
1035 968 1081 990 ex
1099 955 1305 990 occidentali
1331 955 1485 1002 partibus
1502 964 1511 991 l
1528 968 1673 990 vnacum

208 1031 277 1052 vno
295 1018 435 1053 cellario
454 1018 596 1053 australi
615 1019 678 1052 sub
696 1024 898 1052 tenemento
916 1016 1101 1064 posteriori
1120 1016 1203 1051 dicti
1229 1015 1296 1050 loci
1313 1024 1321 1052 Ι
1338 1016 1427 1050 Item
1455 1029 1519 1050 sex
1545 1016 1673 1051 solidos

209 1079 314 1113 annui
341 1079 499 1114 redditus
518 1080 561 1114 de
580 1084 783 1114 tenemento
803 1078 974 1125 quondam
991 1077 1162 1114 Johannis
1181 1077 1304 1112 Lovke
1328 1077 1467 1124 jacente
1487 1084 1587 1112 extra
1605 1085 1674 1112 tor-

209 1146 345 1174 rentem
364 1140 407 1175 de
435 1140 670 1186 Malyndonar
697 1140 731 1173 in
751 1139 828 1174 vico
846 1139 1014 1173 tendente
1037 1139 1080 1173 ad
1107 1138 1287 1173 ecclesiam
1318 1138 1435 1172 Sancti
1464 1138 1674 1185 Kentigerni

210 1213 256 1235 ex
279 1201 410 1236 boreali
436 1207 535 1248 parte
558 1200 640 1236 dicti
658 1200 725 1236 vici
753 1200 800 1234 Et
826 1207 936 1234 terras
964 1199 1136 1246 quondam
1163 1198 1283 1233 Dauid
1310 1198 1416 1233 Knox
1443 1211 1488 1233 ex
1515 1199 1675 1234 orientali

211 1261 259 1296 Et
277 1267 387 1296 terras
680 1274 725 1296 ex
744 1261 950 1296 occidentali
968 1260 1123 1307 partibus
1144 1269 1152 1296 l
1175 1259 1264 1295 Item
1283 1260 1404 1294 decem
1423 1260 1551 1294 solidos
1570 1261 1675 1294 annui

212 1322 367 1357 redditus
386 1322 429 1356 de
448 1328 648 1357 tenemento
669 1321 866 1356 Alexandri
887 1322 995 1368 Steyn
1017 1322 1156 1368 jacente
1175 1320 1210 1354 in
1229 1321 1306 1355 vico
1324 1320 1381 1367 lye
1404 1320 1607 1367 Gallovgait
1624 1321 1672 1355 in-

210 1389 264 1417 ter
283 1390 393 1418 terras
421 1383 503 1417 dieti
522 1383 692 1430 quondam
719 1382 890 1419 Johannis
917 1381 1041 1417 Lovke
1069 1387 1104 1416 et
1130 1394 1222 1415 nunc
1244 1381 1447 1416 Archibaldi
1474 1381 1673 1416 Blakburne

210 1456 256 1478 ex
274 1444 433 1478 orientali
462 1444 509 1479 Et
534 1450 645 1478 terras
664 1450 700 1478 et
717 1450 956 1479 tenementum
975 1442 1147 1490 quondam
1167 1442 1290 1478 Jacobi
1311 1442 1504 1488 Wylsoune
1524 1454 1568 1476 ex
1587 1442 1675 1476 occi-

211 1504 342 1539 dentali
359 1505 514 1551 partibus
531 1513 540 1541 l
556 1505 645 1539 Item
665 1504 862 1551 quindecim
882 1504 1010 1538 solidos
1029 1503 1134 1538 annui
1151 1503 1310 1537 redditus
1328 1502 1431 1536 michi
1450 1502 1613 1537 debentis
1632 1502 1675 1537 de

210 1572 411 1600 tenemento
439 1565 610 1612 quondam
629 1565 783 1612 Angusii
805 1564 1034 1611 Goldsmytht
1049 1565 1188 1611 jacente
1207 1564 1242 1598 in
1261 1563 1354 1598 dicto
1373 1563 1449 1598 vico
1468 1563 1511 1597 de
1534 1563 1675 1598 Gallov-

210 1626 283 1672 gait
300 1626 392 1661 inter
410 1632 520 1661 terras
536 1625 682 1661 Andree
702 1625 827 1672 Mylne
843 1638 889 1660 ex
903 1625 1063 1660 orientali
1078 1631 1114 1660 et
1128 1631 1238 1659 terras
1254 1625 1425 1671 quondam
1447 1624 1543 1658 Petri
1562 1623 1676 1657 Adam

211 1699 256 1721 ex
275 1687 479 1721 occidentali
496 1696 505 1723 l
521 1687 611 1722 Item
630 1687 750 1721 decem
770 1686 898 1721 solidos
916 1686 1022 1721 annui
1040 1686 1197 1720 redditus
1216 1685 1318 1720 michi
1335 1684 1497 1719 debentis
1512 1684 1555 1718 de
1573 1684 1676 1718 terris

211 1754 245 1782 et
263 1754 464 1782 tenemento
491 1748 662 1794 quondam
691 1747 826 1782 Thome
856 1747 1068 1794 Blythmann
1092 1746 1288 1793 jacentibus
1316 1746 1349 1778 in
1380 1745 1436 1779 via
1460 1757 1526 1790 que
1546 1744 1641 1778 ducit
1659 1756 1678 1777 a

212 1808 326 1843 Cruee
346 1808 461 1843 Forali
479 1808 522 1842 ad
543 1808 681 1843 Portam
702 1808 903 1842 Australem
919 1807 1068 1842 ciuitatis
1087 1806 1318 1853 Glasguensis
1337 1806 1428 1839 inter
1444 1811 1554 1839 terras
1569 1816 1676 1850 quon-

210 1869 286 1904 dam
316 1869 465 1916 Georgii
495 1868 710 1904 Cliddisdale
742 1882 787 1903 ex
819 1875 916 1915 parte
948 1868 1079 1902 boreali
1105 1875 1114 1902 l
1140 1866 1229 1901 Item
1256 1865 1517 1912 quatuordecim
1545 1864 1673 1898 solidos

210 1930 314 1964 annui
341 1929 497 1964 redditus
524 1930 567 1964 de
595 1936 796 1964 tenemento
821 1929 993 1975 quondam
1021 1927 1186 1962 willelmi
1214 1927 1451 1973 Fynnesoune
1476 1926 1614 1971 jacente
1638 1926 1671 1959 in

210 1991 350 2025 ciuitate
372 1990 586 2037 Glasguensi
613 1991 647 2024 in
674 1991 730 2025 via
756 2003 823 2036 quc
851 1989 946 2023 ducit
972 1989 1015 2023 ad
1043 1988 1188 2022 Pontem
1209 1987 1322 2022 Clude
1345 1987 1602 2032 Glasguensem
1628 1999 1672 2021 ex

209 2058 306 2097 parte
325 2051 466 2085 australi
485 2051 575 2086 dicte
591 2051 646 2085 vie
665 2051 756 2084 inter
776 2058 886 2084 terras
903 2048 1073 2085 Johannis
1093 2047 1218 2082 Andro
1236 2047 1421 2094 burgensis
1439 2046 1671 2093 Glasguensis

211 2123 256 2145 ex
274 2111 434 2146 orientali
452 2112 499 2146 Et
517 2118 628 2146 terras
647 2117 682 2145 et
700 2117 936 2145 tenementum
958 2108 1124 2143 Willelmi
1151 2108 1253 2142 Stark
1271 2120 1316 2142 ex
1335 2107 1539 2142 occidentali
1556 2116 1565 2144 l
1581 2108 1669 2142 Item

209 2172 330 2207 decem
345 2172 472 2206 solidos
488 2172 593 2206 annui
610 2172 767 2206 redditus
786 2171 829 2205 de
844 2175 1045 2205 tenemento
1066 2168 1200 2203 Mathei
1216 2167 1397 2215 Campbell
1416 2174 1516 2203 extra
1531 2168 1670 2202 Portam

210 2232 415 2267 Inferiorem
438 2232 695 2278 Glasguensem
711 2232 849 2278 jacente
868 2231 902 2264 in
918 2230 1010 2264 dicta
1024 2229 1163 2264 ciuitate
1181 2229 1273 2264 inter
1287 2235 1397 2263 terras
1416 2235 1452 2264 et
1469 2235 1669 2263 tenementa

211 2292 382 2338 quondam
402 2292 595 2326 Alexandri
623 2291 756 2326 Homill
775 2304 820 2325 ex
846 2290 977 2325 boreali
997 2296 1032 2325 et
1049 2296 1240 2325 torrentem
1267 2296 1500 2337 nuncupatum
1527 2290 1666 2336 Malyna

934 2360 949 2379 p
