1922 2764
839 678 1087 718 TABULA.

240 938 262 964 Ι.
288 937 418 965 LIBER
449 937 564 966 NOUE
596 938 802 966 ECCLESIE
835 938 1075 967 BEATARUM
1106 939 1245 967 MARIE
1270 938 1468 967 VIRGINIS
1492 939 1546 966 ET
1570 939 1688 966 ANNE

338 1000 501 1029 MATRIS
518 1000 618 1028 EIUS
636 1000 836 1028 FUNDATE
861 1001 946 1029 PER
962 1001 1171 1037 QUONDAM
1193 1001 1305 1029 BONE
1324 1000 1525 1029 MEMORIE
1545 1001 1690 1029 MAGIS-

335 1063 457 1091 TRUM
479 1063 675 1091 JACOBUM
699 1063 929 1092 HOUSTOUN
953 1063 1246 1092 SUBDEGANUM
1268 1063 1600 1092 GLASGUENSEM.

239 1266 390 1320 Primum
404 1291 628 1319 instrumentum
642 1291 829 1328 transsumpti
844 1290 946 1328 incipit
961 1306 965 1311 -
980 1291 1011 1327 (8
1027 1290 1158 1327 Januarij
1178 1290 1310 1325 1548-9.)
1353 1312 1358 1317 .
1432 1290 1504 1327 folio
1519 1291 1560 1326 iay.

242 1353 348 1390 Incipit
365 1362 470 1389 magna
480 1357 559 1381 carta
568 1352 794 1381 confirmacionis
809 1351 1039 1380 reuerendissimi
1053 1352 1141 1389 patris
1155 1361 1188 1380 ac
1198 1351 1307 1380 domini
1320 1351 1435 1379 Domini
1452 1351 1560 1380 Gauini

316 1415 519 1452 archiepiscopi
535 1415 719 1452 Glasguensis
734 1429 739 1433 -
756 1415 787 1451 (3
803 1415 820 1443 J
824 1415 882 1452 unij
902 1415 997 1451 1542.)
1015 1435 1021 1441 .
1102 1436 1107 1441 .
1189 1437 1194 1441 .
1272 1436 1277 1442 .
1357 1436 1362 1441 .
1425 1414 1496 1450 folio
1510 1415 1561 1451 iiij.

243 1478 332 1506 Carta
346 1478 447 1515 incipit
462 1477 641 1505 dominorum
656 1477 777 1506 Abbatis
791 1482 820 1505 et
834 1482 991 1505 conuentus
1003 1476 1166 1513 monasterij
1184 1476 1218 1504 de
1233 1475 1438 1513 Kylwynnyng
1451 1485 1561 1503 necnon

318 1539 522 1577 magistrorum
543 1539 643 1568 Jacobi
668 1540 836 1567 Houstoune
860 1538 1014 1568 subdecani
1031 1539 1215 1576 Glasguensis
1237 1547 1270 1566 ac
1285 1538 1455 1567 christofori
1477 1537 1562 1574 Boyd

317 1602 415 1640 vicarij
431 1602 560 1639 perpetui
576 1602 610 1630 de
627 1602 713 1639 Dalry
728 1616 733 1621 ·
747 1602 786 1639 (A.
801 1610 826 1628 D.
844 1601 958 1637 153-.)
1013 1623 1018 1628 .
1099 1622 1105 1628 .
1185 1622 1190 1627 .
1271 1623 1275 1628 .
1355 1621 1361 1626 .
1424 1600 1494 1637 folio
1509 1601 1558 1636 iizj.

243 1664 356 1692 Littera
385 1664 541 1692 Alexandri
569 1664 684 1692 abbatis
711 1664 746 1692 de
776 1664 972 1701 Kilwynnyng
998 1668 1028 1691 et
1054 1663 1182 1691 eiusdem
1212 1667 1369 1691 conuentus
1391 1676 1395 1682 ·
1411 1663 1461 1698 (15
1489 1662 1507 1690 J
1510 1661 1560 1698 ulij

324 1727 419 1763 1532.)
504 1748 510 1754 .
591 1748 597 1754 .
672 1748 678 1754 .
756 1748 761 1754 .
842 1748 847 1754 .
926 1748 932 1753 .
1013 1747 1018 1753 .
1098 1747 1103 1753 .
1184 1747 1189 1752 .
1269 1746 1275 1751 .
1357 1746 1362 1751 .
1452 1724 1524 1761 solio
1538 1733 1561 1751 υ.

245 1789 354 1818 Littera
362 1789 544 1817 dominarum
557 1788 695 1817 Priorisse
710 1793 740 1817 et
749 1792 907 1817 conuentus
917 1788 1083 1824 monasterij
1096 1787 1131 1816 de
1143 1786 1337 1815 Northbervik
1352 1802 1357 1807 -
1373 1786 1424 1822 (29
1436 1785 1561 1813 Nouem-

319 1851 378 1880 bris
394 1851 492 1887 1541.)
585 1873 591 1878 .
669 1873 675 1878 .
756 1873 761 1878 .
843 1873 847 1878 .
925 1872 931 1878 .
1011 1870 1017 1876 .
1096 1872 1101 1877 .
1181 1871 1186 1876 .
1267 1869 1274 1875 .
1353 1869 1359 1875 .
1440 1848 1514 1884 folio
1526 1848 1560 1884 vj.

246 1915 356 1942 Littera
370 1913 500 1950 magistri
516 1912 616 1942 Jacobi
634 1913 792 1950 Kennedye
807 1912 905 1950 vicarij
922 1912 1052 1949 perpetui
1067 1912 1102 1939 de
1120 1910 1257 1948 Mayboill
1273 1924 1277 1929 ·
1291 1911 1321 1947 (l
1340 1910 1411 1946 Maij
1430 1910 1525 1943 1542.)

1402 1971 1473 2008 folio
1486 1972 1526 2008 vij
1538 1972 1559 1998 b.

247 2039 474 2066 lustramentum
487 2036 616 2064 eiusdem
629 2035 760 2073 magistri
773 2035 873 2064 Jacobi
887 2044 937 2072 pro
948 2034 1139 2071 resignatione
1153 2034 1229 2062 dicte
1241 2033 1347 2062 vicarie
1359 2032 1393 2060 de
1406 2032 1544 2069 Mayboill
1559 2047 1563 2051 ·

321 2101 350 2137 (1
368 2099 439 2136 Maij
458 2099 556 2135 1542.)
596 2120 601 2126 .
680 2120 685 2126 .
763 2119 769 2125 .
848 2119 853 2125 .
931 2119 937 2125 .
1016 2118 1022 2124 .
1103 2119 1108 2123 .
1189 2118 1195 2123 .
1275 2118 1281 2124 .
1390 2096 1461 2133 folio
1474 2097 1524 2133 viij
1537 2097 1559 2123 b.

249 2161 386 2198 Sequitur
406 2160 535 2188 fundatio
555 2159 662 2188 erectio
684 2164 712 2187 et
734 2159 842 2188 dotatio
863 2159 981 2187 ecclesie
1004 2158 1152 2196 collegiate
1179 2159 1269 2187 Beate
1286 2158 1377 2187 Marie
1394 2158 1521 2195 Virginis
1535 2162 1563 2186 et

324 2224 428 2252 Sancte
445 2223 528 2250 Anne
542 2221 642 2250 matris
656 2221 718 2249 eius
732 2235 737 2240 ·

246 2285 430 2323 Propositum.
443 2284 519 2313 dicte
533 2283 650 2312 ecclesie
665 2283 813 2320 collegiate
829 2295 834 2301 ·
927 2305 932 2309 .
1012 2304 1018 2309 .
1098 2305 1103 2310 .
1185 2305 1190 2311 .
1269 2303 1276 2309 .
1354 2304 1361 2310 .
1453 2284 1526 2320 folio
1540 2294 1562 2311 v.

1621 1249 1693 1270 PAGG.

1677 1290 1693 1317 3

1679 1414 1695 1441 6

1676 1599 1692 1628 *ἲ

1663 1723 1695 1751 lo

1662 1848 1695 1875 13

1660 1971 1694 1998 18

1657 2096 1693 2123 22
