1922 2764
646 248 686 282 B.
717 248 762 283 V.
791 247 961 282 MARIE
989 248 1056 282 ET
1086 249 1119 283 S.
1150 249 1308 283 ANNE.
1643 255 1709 291 117

249 359 358 393 prope
386 346 508 381 dictam
539 345 802 381 Occidentalem
831 345 969 380 Portam
996 345 1129 380 debens
1155 347 1330 381 annuatim
1357 347 1554 394 vigintitres
1581 349 1708 383 solidos

249 408 353 441 annui
367 407 524 441 redditus
538 406 630 441 inter
644 412 755 441 terras
767 406 1029 442 dictiJohannis
1043 406 1255 441 Robesoune
1271 420 1316 442 ex
1328 408 1533 443 occidentali
1548 416 1583 443 et
1597 416 1707 444 terras

246 467 416 503 Johannis
433 467 510 502 Rob
526 480 571 502 ex
587 467 745 502 orientali
760 467 915 514 partibus
932 476 940 503 Ι
958 467 1045 502 Item
1061 467 1104 502 ad
1118 467 1289 514 quoddam
1304 474 1539 503 tenementum
1555 470 1708 504 anterius

250 534 286 562 et
302 527 476 574 posterius
495 541 570 562 cum
591 534 666 563 orto
684 528 733 562 illi
753 534 931 575 spectante
951 534 1111 575 spectans
1129 528 1263 575 prefato
1281 528 1432 564 Johanni
1458 530 1558 564 Robb
1577 530 1709 565 debens

249 588 424 622 annuatim
450 588 649 635 vigintitres
677 589 804 623 solidos
832 588 936 623 annui
964 589 1119 623 redditus
1143 589 1264 635 jacens
1291 602 1399 636 prope
1419 589 1543 624 dictam
1572 590 1707 625 Nouam

249 647 479 695 Collegiatam
499 649 691 683 Ecclesiam
711 649 897 684 Beatarum
915 649 1029 684 Marie
1047 649 1206 697 Virginis
1222 655 1257 685 et
1276 650 1379 685 Anne
1398 650 1515 685 matris
1531 651 1604 686 eius
1618 651 1709 686 inter

249 715 360 744 terras
388 709 519 744 Leonis
548 709 725 756 Lindesay
744 723 790 745 ex
808 710 1013 745 occidentali
1031 716 1066 745 et
1084 716 1195 745 terras
1214 711 1305 746 dicte
1327 711 1430 746 Noue
1449 711 1608 746 Ecclesie
1630 712 1710 747 Col-

248 769 377 817 legIate
397 782 443 804 ex
460 770 619 805 orientali
640 771 793 817 partibus
811 780 819 807 Ι
836 771 925 806 Item
944 771 986 805 ad
1005 784 1124 806 omnes
1143 778 1178 806 et
1197 772 1351 818 singulos
1371 779 1465 807 ortos
1488 773 1644 819 jacentes
1665 786 1709 807 cx

247 837 345 878 parte
373 831 514 866 australi
540 831 632 866 dicte
660 831 763 866 Noue
790 832 985 879 Collegiate
1017 832 1176 868 Ecclesie
1204 833 1368 880 contigue
1399 840 1502 880 prout
1529 834 1647 880 jacent
1674 834 1707 868 in

248 892 466 939 longitudine
486 899 522 927 et
539 892 720 927 latitudine
741 905 817 927 cum
839 893 939 928 Scola
957 892 1175 929 Cantationis
1204 906 1248 928 ex
1274 900 1372 940 parte
1392 894 1598 929 occidentali
1617 894 1707 928 dicte

249 953 408 988 Ecclesie
429 953 624 1000 Collegiate
653 953 778 988 situata
799 962 808 989 l
830 953 918 988 Item
945 954 987 988 ad
1015 960 1251 989 tenementum
1281 961 1441 1001 spectans
1469 955 1549 989 olim
1579 954 1708 989 Dauidi

250 1014 356 1048 Knox
381 1020 461 1049 ante
481 1019 516 1048 et
533 1019 628 1048 retro
656 1026 731 1048 cum
760 1020 835 1048 orto
864 1014 1017 1049 eiusdem
1043 1015 1163 1061 jacens
1192 1015 1227 1049 in
1257 1015 1291 1062 ly
1312 1015 1510 1062 Troyngait
1539 1028 1584 1050 ex
1609 1022 1706 1063 parte

247 1075 378 1109 boreali
397 1075 585 1110 communis
604 1075 659 1109 vie
679 1074 833 1109 eiusdem
854 1075 985 1110 debens
1012 1076 1186 1110 annuatim
1206 1076 1325 1110 decem
1354 1076 1481 1110 solidos
1508 1076 1612 1110 annui
1631 1076 1707 1111 red-

249 1135 341 1170 ditus
364 1136 484 1183 jacens
510 1136 602 1170 inter
628 1142 739 1170 terras
766 1136 845 1170 olim
872 1136 1041 1172 Johannis
1067 1136 1203 1184 Aitkyn
1232 1150 1277 1172 ex
1303 1137 1506 1172 occidentali
1536 1144 1572 1172 et
1597 1144 1708 1173 terras

250 1195 330 1230 olim
360 1196 529 1232 ,Iohannis
562 1196 709 1231 Masone
739 1209 784 1230 ex
815 1197 973 1231 orientali
1003 1197 1158 1244 partibus
1185 1206 1193 1233 Ι
1218 1198 1305 1232 Item
1338 1198 1381 1232 ad
1412 1198 1580 1245 quoddam
1613 1205 1708 1233 tene-

250 1262 404 1291 mentum
422 1262 501 1291 ante
522 1263 557 1291 et
575 1262 669 1291 retro
694 1269 770 1291 cum
798 1256 897 1291 horto
925 1257 1078 1292 eiusdem
1107 1263 1266 1304 spectans
1294 1258 1422 1292 Dauidi
1453 1258 1642 1306 Lyndcsay
1658 1260 1707 1306 ja-

250 1329 333 1351 cens
359 1316 393 1350 in
420 1316 465 1351 lie
494 1317 692 1363 Troyngait
717 1317 850 1351 debens
878 1318 1052 1352 annuatim
1084 1324 1160 1353 octo
1187 1331 1317 1353 marcas
1343 1319 1586 1354 feodifirmales
1618 1320 1708 1355 inter

250 1382 360 1411 terras
387 1377 460 1411 siue
487 1377 661 1424 antiquam
687 1377 853 1425 capellam
881 1378 990 1413 Beate
1018 1378 1131 1414 Marie
1151 1379 1311 1426 Virginis
1338 1392 1383 1414 ex
1410 1380 1568 1414 orientali
1588 1387 1623 1415 et
1641 1387 1707 1416 ter·
1748 1401 1757 1406 -

250 1450 305 1472 ras
335 1437 501 1472 Willelmi
532 1437 729 1473 Louthiane
760 1451 805 1473 ex
836 1439 1041 1474 occidentali
1073 1440 1226 1486 partibus
1253 1448 1261 1476 l
1288 1440 1375 1475 Item
1408 1440 1450 1475 ad
1480 1453 1584 1475 vnum
1612 1447 1708 1476 tene—

251 1503 404 1532 mentum
430 1504 564 1533 vastum
592 1506 752 1546 spectans
779 1499 893 1534 abbati
919 1506 954 1535 et
980 1500 1167 1535 conuentui
1193 1501 1235 1535 de
1258 1500 1379 1547 Paslay
1395 1501 1515 1548 jacens
1540 1515 1585 1536 ex
1610 1510 1708 1549 parte

251 1559 456 1593 occidentali
475 1559 663 1594 communis
683 1560 737 1595 vie
756 1573 822 1606 que
842 1560 937 1595 ducit
955 1573 974 1595 a
994 1561 1187 1601 Quadriuio
1209 1561 1251 1594 ad
1273 1561 1421 1596 Crucem
1450 1561 1607 1596 Foralem
1627 1563 1708 1598 ciui-

250 1619 329 1654 tatis
351 1619 583 1667 Glasguensis
605 1621 696 1655 inter
715 1627 825 1656 terras
844 1621 1014 1656 dictorum
1041 1621 1174 1656 abbatis
1193 1627 1228 1656 et
1246 1628 1438 1656 conuentus
1457 1622 1500 1657 de
1522 1623 1644 1670 Paslay
1663 1636 1707 1658 ex

250 1680 390 1715 australi
417 1687 453 1715 et
479 1687 590 1716 terras
615 1681 694 1716 olim
720 1682 843 1718 Jacobi
873 1683 976 1717 Mure
1006 1695 1051 1717 ex
1079 1683 1210 1717 boreali
1239 1683 1393 1729 partibus
1410 1692 1419 1719 Ι
1436 1684 1523 1718 item
1543 1684 1584 1718 ad
1604 1697 1706 1718 vnum

249 1747 486 1776 tenementum
505 1748 585 1777 ante
604 1748 640 1777 et
658 1749 752 1778 retro
771 1743 904 1778 debens
923 1743 1097 1778 annuatim
1117 1744 1305 1778 duodecem
1327 1744 1453 1778 solidos
1472 1744 1574 1778 annui
1594 1745 1706 1778 reddi-

249 1808 304 1836 tus
327 1802 447 1848 jacens
475 1815 520 1837 ex
545 1809 643 1850 parte
662 1804 821 1838 orientali
849 1804 1038 1839 communIS
1057 1804 1112 1838 vie
1131 1817 1198 1850 que
1225 1804 1319 1838 ducit
1343 1817 1362 1838 a
1382 1804 1494 1838 Cruce
1523 1804 1637 1838 Forali
1664 1805 1706 1839 ad

250 1863 387 1898 Portam
409 1862 608 1899 Australem
631 1864 723 1899 dicte
751 1865 899 1899 ciuitatis
926 1865 1017 1899 inter
1044 1870 1155 1899 terras
1173 1864 1344 1911 quondam
1366 1863 1568 1898 Archibaldi
1590 1864 1704 1899 Robe-

249 1936 333 1958 sone
352 1937 398 1959 ex
414 1924 545 1959 boreali
565 1931 600 1960 et
617 1931 728 1960 terras
755 1925 904 1960 Dauidis
927 1925 1101 1960 Grahame
1121 1937 1166 1959 ex
1192 1924 1332 1958 australi
1360 1923 1512 1970 partibus
1529 1932 1537 1959 l
1554 1924 1641 1958 Item
1661 1926 1703 1959 ad

250 1997 350 2019 vnam
362 1985 505 2020 croftam
520 1992 749 2033 nuncupatam
765 1985 919 2021 Croftam
937 1985 1062 2019 Sancte
1078 1985 1190 2019 Marie
1202 1985 1375 2030 jacentem
1390 1997 1497 2031 prope
1513 1984 1703 2020 Commune

248 2045 388 2079 Morum
410 2045 632 2093 Glasguense
652 2059 697 2081 ex
723 2052 820 2093 parte
839 2045 980 2080 australi
999 2045 1154 2079 eiusdem
1181 2044 1272 2078 inter
1291 2049 1400 2078 terras
1420 2044 1463 2078 de
1483 2044 1702 2080 Borrovfeild

247 2111 282 2140 et
306 2105 522 2140 diuersorum
551 2107 694 2141 aliorum
719 2106 844 2141 ciuium
867 2105 1137 2151 Glasguensium
1168 2116 1213 2138 ex
1240 2110 1338 2150 parte
1366 2104 1507 2138 australi
1533 2110 1569 2139 et
1591 2111 1702 2140 terras

248 2166 501 2201 communitatis
522 2166 754 2213 Glasguensis
781 2179 825 2201 ex
852 2165 981 2200 boreali
1008 2165 1163 2211 partibus
1190 2177 1229 2199 ac
1256 2164 1357 2199 etiam
1386 2164 1544 2199 orientali
1563 2172 1598 2200 et
1616 2166 1703 2200 occi-

248 2227 378 2261 dentali
404 2227 558 2273 partibus
575 2236 584 2263 Ι
600 2227 648 2261 Et
665 2227 707 2261 ad
726 2239 827 2261 Vnam
845 2226 989 2261 croftam
1016 2230 1243 2271 nuncupatam
1266 2224 1421 2260 Croftam
1451 2225 1576 2261 Sancte
1597 2226 1702 2261 Anne

245 2288 418 2334 jacentem
452 2287 544 2322 inter
577 2293 688 2322 terras
724 2286 910 2322 subdecani
944 2286 1175 2332 Glasguensis
1206 2298 1251 2321 ex
1285 2286 1417 2321 boreali
1448 2292 1483 2321 et
1512 2285 1702 2322 Commune
