1922 2764
251 247 317 279 122
574 244 729 279 LIBER
756 245 1004 280 ECCLESIE
1034 243 1374 280 COLLEGIATE

248 369 318 434 IN
346 399 437 434 DEI
462 399 599 435 nomine
620 400 736 435 Amen
759 421 764 426 ·
788 400 856 435 Per
879 400 944 435 hoc
963 400 1135 447 publicum
1154 400 1419 434 instrumentum
1439 399 1571 434 cunctis
1590 406 1707 447 pateat

249 459 340 506 quod
358 472 448 494 anno
466 460 711 495 incarnationis
729 460 914 495 Dominice
939 460 1119 495 millesimo
1138 459 1416 506 quingentesimo
1434 460 1707 507 trigesimonono

249 520 305 555 die
332 533 416 555 vero
442 521 570 555 mensis
599 521 812 568 Septembris
843 521 995 555 secundo
1012 528 1020 556 Ι
1038 521 1078 554 In
1106 520 1173 554 mei
1200 520 1324 555 notarii
1351 521 1480 567 publici
1507 527 1542 556 et
1567 522 1707 556 testium

250 581 520 628 subscriptorum
538 582 715 628 presentia
732 581 962 628 personaliter
976 580 1183 615 constitutus
1202 581 1366 627 magister
1387 581 1576 616 Nicholaus
1597 582 1707 617 With-

249 643 410 689 irspovne
425 642 572 677 vicarius
590 649 779 689 perpetuus
795 642 941 677 ecclesie
960 641 1182 688 parrochialis
1197 642 1240 676 de
1258 642 1500 677 Strathtavane
1517 651 1526 678 Ι
1542 643 1617 677 zelo
1636 643 1707 678 Dei

251 702 510 750 Omnipotentis
530 703 810 748 Intemerateque
828 702 985 749 Virginis
1006 702 1119 737 Marie
1135 708 1170 736 et
1187 702 1350 737 Omnium
1372 703 1574 737 Sanctorum
1588 716 1627 738 ac
1645 716 1708 750 pro

249 763 359 798 salute
378 764 489 798 anime
509 776 569 797 sue
588 769 769 812 parentum
788 762 929 797 fratrum
949 775 1104 797 sororum
1119 763 1454 809 consanguineorum
1470 770 1505 798 et
1522 764 1707 799 amicorum

250 837 386 858 suorum
407 836 446 858 ac
464 823 613 858 omnium
628 823 780 857 fidelium
800 822 1041 857 defunctorum
1058 831 1067 858 l
1086 821 1159 869 [ad]
1181 829 1381 858 tenementa
1398 830 1508 858 terras
1524 830 1559 859 et
1576 837 1708 859 annuos

249 884 406 919 redditus
434 884 626 930 subscripta
644 883 787 918 accessit
809 892 817 919 l
834 883 986 929 jacentia
1003 883 1038 917 in
1058 883 1196 918 ciuitate
1220 883 1433 929 Glasguensi
1454 903 1460 908 ·
1485 884 1647 931 Inprimis
1666 885 1708 919 ad

248 951 485 980 tenementum
504 944 675 991 quondam
693 943 815 980 Jacobi
836 943 1121 990 Withirspovune
1141 944 1248 990 patris
1270 944 1377 990 ipsius
1404 944 1558 991 magistri
1579 944 1707 979 Nicho-

249 1006 305 1041 laii
323 1015 331 1043 l
345 1019 420 1041 cum
436 1018 607 1040 consensu
620 1004 790 1041 Johannis
807 1004 1076 1051 VVithirspowne
1092 1004 1228 1051 nepotis
1243 1004 1350 1051 ipsius
1365 1004 1519 1050 magistri
1535 1005 1709 1039 Nicholaii

249 1079 287 1101 ac
306 1066 445 1101 heredis
464 1065 660 1113 apparentis
680 1065 832 1100 eiusdem
852 1065 980 1099 ibidem
1002 1065 1175 1112 presentis
1194 1071 1229 1099 et
1247 1065 1497 1100 consentientis
1513 1066 1654 1112 [jacens
1673 1066 1707 1100 in

250 1127 340 1162 Vico
359 1127 547 1161 Furcarum
566 1139 610 1161 ex
628 1133 726 1173 parte
746 1126 886 1160 australi
906 1126 1061 1161 eiusdem
1079 1126 1169 1160 inter
1187 1131 1424 1160 tenementum
1442 1125 1521 1160 olim
1539 1126 1708 1162 Johannis

249 1187 360 1234 Mayn
388 1200 431 1222 ex
458 1186 617 1221 orientali
644 1193 679 1221 et
705 1187 876 1233 quondam
903 1186 1021 1221 Dauid
1048 1186 1224 1221 Menteith
1252 1198 1296 1221 ex
1320 1186 1525 1221 occidentali
1542 1195 1550 1223 l
1567 1193 1646 1222 ante
1674 1194 1709 1222 et

248 1254 343 1282 retro
358 1260 434 1282 cum
447 1253 522 1282 orto
537 1254 572 1281 et
586 1247 806 1294 pertinentiis
823 1256 832 1283 Ι
849 1247 1044 1282 extendens
1059 1259 1078 1281 a
1091 1247 1204 1282 fronte
1220 1247 1385 1281 anteriori
1403 1247 1445 1282 ad
1459 1253 1650 1282 torrentem
1665 1248 1708 1282 de

250 1308 484 1355 Malyndonar
506 1328 512 1334 ·
535 1307 624 1342 Item
650 1307 840 1354 vigintisex
867 1307 994 1342 solidos
1021 1307 1126 1342 annui
1152 1307 1309 1342 redditus
1336 1307 1379 1342 de
1406 1313 1606 1342 tenemento
1635 1308 1708 1342 An-

249 1369 333 1404 dree
354 1369 437 1403 Hall
452 1369 591 1415 jacente
610 1368 645 1402 in
664 1368 784 1403 eodem
805 1368 882 1403 vico
897 1381 941 1402 ex
959 1375 1057 1415 parte
1077 1368 1207 1402 boreali
1227 1367 1381 1402 eiusdem
1398 1376 1406 1404 Ι
1423 1367 1513 1402 inter
1531 1374 1708 1402 tenemen-

250 1436 321 1464 tum
344 1429 492 1475 Georgii
512 1428 718 1475 Colquhone
737 1429 829 1475 quod
856 1428 936 1463 olim
963 1434 1037 1463 erat
1057 1428 1201 1475 Capella
1229 1428 1345 1463 Sancti
1375 1427 1534 1462 Nicholai
1558 1441 1603 1462 ex
1622 1428 1710 1463 occi·

250 1490 380 1524 dentali
399 1496 434 1524 et
451 1494 688 1524 tenementum
707 1489 786 1523 olim
804 1488 974 1524 Johannis
995 1489 1127 1523 Solater
1154 1501 1246 1523 nunc
1272 1495 1386 1522 autem
1408 1488 1536 1522 domini
1563 1488 1709 1523 Martini

252 1550 344 1585 Reid
372 1562 415 1584 ex
442 1549 601 1584 orientali
617 1568 623 1573 ·
642 1549 731 1584 Item
758 1549 949 1584 octodecim
976 1549 1103 1583 solidos
1130 1549 1234 1583 annui
1261 1548 1416 1583 redditus
1438 1549 1481 1583 de
1509 1555 1708 1584 tenemento

252 1610 331 1644 olim
347 1616 525 1657 spectante
541 1610 632 1644 dicto
647 1610 812 1654 magistro
827 1609 998 1644 Nicholao
1015 1618 1023 1645 s
1041 1622 1132 1644 nunc
1146 1615 1259 1644 autem
1275 1609 1387 1643 Leoni
1408 1609 1603 1645 Alexandri
1622 1622 1708 1644 mer-

252 1671 358 1706 catori
375 1671 535 1717 [jacente
553 1671 587 1704 in
608 1670 728 1705 eadem
747 1670 803 1705 via
819 1676 914 1705 trans
933 1676 1122 1704 torrentem
1144 1669 1376 1715 Malyndonar
1395 1681 1439 1703 ex
1461 1676 1559 1716 parte
1578 1670 1709 1705 boreali

253 1732 407 1766 eiusdem
434 1732 525 1765 inter
551 1736 788 1765 tenementum
809 1730 954 1765 Andree
976 1730 1237 1776 Withirspovne
1265 1742 1309 1764 ex
1335 1729 1540 1764 occidentali
1559 1736 1595 1765 et
1612 1737 1708 1765 tene-

253 1798 405 1826 mentum
423 1791 594 1838 quondam
611 1791 733 1827 Jacobi
753 1790 843 1825 Park
861 1803 907 1825 ex
925 1790 1084 1825 orientali
1106 1811 1111 1816 -
1135 1790 1223 1824 Item
1242 1802 1343 1824 vnam
1367 1790 1503 1824 domum
1522 1791 1709 1837 tegulatam

254 1853 374 1887 subtus
389 1858 424 1887 et
439 1864 542 1899 supra
555 1851 730 1897 jacentem
748 1851 783 1885 in
802 1851 939 1897 publica
956 1851 1012 1885 via
1025 1863 1091 1897 que
1107 1850 1201 1885 ducit
1219 1863 1238 1885 a
1256 1850 1352 1885 Loco
1371 1850 1530 1885 Fratrum
1550 1850 1709 1886 Predica-

253 1920 364 1948 torum
383 1913 426 1947 ad
446 1912 595 1948 Crucem
613 1912 772 1946 Foralem
795 1924 839 1946 ex
864 1918 962 1958 parte
982 1911 1141 1946 orientali
1160 1911 1314 1946 eiusdem
1330 1920 1339 1947 l
1355 1911 1446 1946 inter
1472 1917 1707 1947 tenementum

254 1973 424 2020 quondam
445 1973 648 2008 Archibaldi
668 1972 848 2007 VVilsoune
868 1985 912 2007 ex
931 1972 1061 2007 boreali
1089 1978 1124 2006 et
1150 1977 1385 2006 tenementum
1412 1971 1581 2007 ,Iohannis
1608 1972 1708 2019 Boyd

255 2046 298 2067 ex
317 2033 457 2068 australi
479 2054 485 2060 ·
509 2033 597 2068 Item
625 2033 745 2067 decem
773 2032 900 2067 solidos
928 2032 1032 2067 annui
1058 2032 1215 2067 redditus
1242 2032 1285 2066 de
1312 2038 1511 2066 tenemento
1538 2033 1709 2079 quondam

258 2092 406 2139 Georgii
427 2094 535 2140 Steyn
550 2094 689 2140 jacente
708 2093 743 2127 in
763 2093 915 2128 Venella
932 2093 1092 2127 Fratrum
1114 2092 1371 2127 Predicatorum
1390 2104 1435 2127 ex
1452 2099 1550 2139 parte
1569 2093 1710 2128 australi

256 2153 409 2187 eiusdem
432 2162 440 2189 l
461 2153 552 2187 inter
578 2159 689 2188 terras
716 2153 789 2188 siue
818 2160 929 2188 ortum
958 2153 1099 2188 Ricardi
1127 2152 1255 2187 Allane
1282 2165 1326 2187 ex
1353 2152 1512 2187 orientali
1538 2160 1574 2188 et
1599 2160 1709 2188 terras

256 2213 427 2259 quondam
446 2213 593 2248 Henrici
613 2214 735 2249 Cutlar
754 2226 798 2248 ex
818 2214 1023 2249 occidentali
1044 2235 1050 2240 ·
1075 2213 1162 2249 Item
1190 2223 1322 2261 septem
1350 2213 1476 2248 solidos
1503 2214 1607 2248 annui
1632 2215 1709 2249 red-

256 2273 347 2308 ditus
370 2274 412 2308 de
434 2279 634 2308 tenemento
661 2274 832 2320 quondam
858 2274 1027 2310 Johannis
1048 2273 1169 2309 Cutlar
1192 2274 1330 2320 jacente
1358 2273 1391 2307 in
1420 2273 1539 2308 eadem
1560 2273 1710 2308 Venella
