1922 2764
264 253 310 284 20
489 241 492 244 '
597 249 751 284 LIBER
780 250 1026 285 ECCLESIE
1055 249 1394 285 COLLEGIATE

264 346 432 381 sionarius
458 347 559 381 modo
585 347 753 394 premisso
775 348 944 382 creandus
971 354 1007 382 et
1032 347 1264 381 instituendus
1290 358 1353 393 pro
1381 358 1441 379 sua
1468 346 1719 381 sustentatione

262 406 437 441 annuatim
455 407 564 442 libere
583 409 711 454 absque
727 408 817 442 omni
837 408 1017 442 exactione
1037 420 1098 442 seu
1117 406 1335 453 impositione
1351 406 1464 452 aliqua
1477 406 1598 440 decem
1616 406 1720 441 libras

263 466 390 501 vsualis
417 474 555 502 monete
573 468 674 514 regni
701 468 815 502 Scotie
835 481 879 502 cx
897 468 1065 502 fructibus
1084 467 1174 501 dicte
1195 467 1332 512 integre
1352 472 1387 500 et
1404 472 1573 513 perpetue
1592 465 1719 501 vicarie

263 539 406 561 vnacum
429 540 547 562 manso
565 541 673 575 prope
693 528 873 563 ecclesiam
892 540 931 562 ac
949 528 1035 562 tofta
1053 534 1088 562 et
1106 527 1215 561 crofta
1234 526 1345 561 eidem
1365 526 1600 560 adiacentibus
1618 526 1720 560 modo

262 587 405 622 inferius
418 588 632 634 designando
645 588 892 635 persoluendas
906 588 1076 634 percipiet
1092 596 1100 622 l
1119 587 1351 621 Residuorum
1364 599 1447 621 vero
1459 587 1630 621 fructuum
1642 586 1719 621 red—

262 647 394 682 dituum
421 654 456 682 et
480 648 777 683 emolimentorum
805 660 849 682 ex
876 648 967 682 dicta
991 647 1118 682 vicaria
1144 660 1220 682 mea
1245 654 1414 694 perpetua
1430 656 1438 682 Ι
1455 647 1603 682 deducta
1629 646 1720 681 dicta

262 708 429 754 pensione
460 708 588 742 vicario
620 708 838 754 pensionario
865 708 1041 742 annuatim
1071 707 1653 754 persoluendalquomodocunque
1685 713 1720 741 et

262 768 547 815 qualitercunque
575 781 713 802 exnunc
740 775 775 802 et
801 781 863 815 pro
890 775 1045 814 tempore
1072 767 1351 814 prouenientiun]
1372 773 1407 802 et
1425 767 1664 802 resultantium
1684 767 1718 801 in

263 828 349 862 duos
368 829 588 863 canonicatus
608 835 643 863 et
667 829 861 875 prebendas
880 828 913 862 in
930 828 1021 862 dicta
1037 827 1233 874 Collegiata
1252 827 1410 862 Ecclesia
1424 827 1669 873 erigendorum
1684 834 1719 862 et

261 888 590 934 incorporandorum
604 895 638 922 et
649 901 711 935 per
725 888 863 934 equales
876 888 1006 922 medias
1018 888 1196 935 portiones
1209 888 1474 923 diuidendorum
1487 888 1529 922 ad
1541 901 1671 922 annuas
1684 895 1719 923 et

261 955 447 994 perpetuas
474 949 743 983 sustentationes
762 949 905 982 duorum
926 948 1168 983 canonicorum
1187 955 1222 983 et
1246 948 1553 995 prebendariornm
1581 961 1718 983 exnunc

261 1015 296 1042 et
313 1008 452 1043 inantea
475 1009 652 1055 perpetuis
670 1009 794 1043 futuris
814 1009 1026 1055 temporibus
1054 1009 1087 1043 in
1107 1009 1212 1043 choro
1231 1009 1322 1043 dicte
1343 1009 1501 1043 Ecclesie
1523 1009 1717 1055 Collegiate

261 1069 489 1115 personaliter
504 1082 565 1116 per
578 1070 709 1115 seipsos
722 1076 757 1104 et
769 1082 835 1103 non
852 1083 913 1116 per
929 1069 1132 1104 substitutos
1146 1069 1342 1116 capellanos
1355 1069 1654 1104 (leseruiturorum
1670 1069 1718 1104 Et

261 1129 317 1175 qui
338 1135 440 1163 erunt
458 1129 491 1163 in
512 1138 613 1163 cantu
633 1136 667 1164 et
681 1130 839 1164 discantu
858 1143 897 1164 ac
915 1130 997 1164 alias
1015 1138 1022 1166 Ι
1039 1137 1142 1176 prout
1160 1129 1216 1164 alii
1235 1129 1327 1164 dicte
1345 1128 1540 1176 Collegiate
1561 1130 1718 1164 Ecclesie

260 1190 415 1224 canonici
442 1197 477 1224 et
503 1191 723 1237 prebendarii
747 1204 885 1225 exnunc
913 1191 1044 1225 fundati
1072 1191 1180 1226 erecti
1208 1197 1243 1225 et
1268 1191 1416 1225 instituti
1444 1203 1482 1225 ac
1506 1190 1539 1224 in
1568 1191 1717 1226 futurum

259 1250 425 1285 fundandi
461 1257 497 1285 et
530 1251 734 1285 instituendi
764 1260 771 1287 l
799 1251 924 1286 eruditi
956 1251 1114 1286 instructi
1146 1258 1180 1286 et
1211 1251 1422 1286 sufficienter
1452 1251 1636 1298 qualificati
1673 1251 1719 1285 Et

261 1311 405 1357 singulis
424 1312 517 1346 horis
536 1312 710 1346 canonicis
738 1312 984 1358 missarumque
1014 1312 1178 1346 solenniis
1198 1318 1233 1346 et
1252 1312 1543 1346 celebrationibus
1569 1312 1603 1346 in
1627 1312 1718 1347 dicte

263 1372 408 1406 ecclesie
440 1372 544 1406 choro
575 1372 746 1407 interesse
780 1373 825 1407 Et
856 1373 897 1406 ad
927 1372 1169 1419 Collegialium
1197 1378 1402 1407 statutorum
1433 1373 1652 1407 laudabilium
1684 1373 1717 1406 in

262 1432 352 1466 dicta
372 1431 567 1478 Collegiata
587 1433 745 1467 Ecclesia
763 1433 845 1467 alias
864 1439 899 1467 et
919 1445 981 1479 pro
1000 1439 1155 1479 tempore
1176 1433 1240 1467 rite
1260 1433 1429 1467 editorum
1450 1440 1485 1467 et
1503 1433 1718 1467 conditorum

263 1492 495 1526 inuiolabilem
522 1493 799 1527 obseruationem
833 1500 934 1539 prout
960 1493 1016 1527 alii
1044 1493 1198 1527 eiusdem
1226 1493 1372 1528 ecclesie
1400 1493 1555 1527 canonici
1582 1500 1617 1528 et
1642 1506 1718 1539 pren

262 1552 418 1586 bendarii
447 1553 489 1586 ad
520 1553 585 1587 hoc
615 1559 779 1587 tenentur
810 1553 1008 1599 obligantur
1039 1560 1074 1587 et
1102 1566 1145 1587 ex
1175 1553 1329 1588 ciusdem
1360 1553 1570 1588 fundationis
1597 1560 1718 1588 tenore

263 1613 500 1659 astringuntur
553 1613 701 1647 Necnon
729 1613 771 1647 ad
799 1613 889 1647 dicte
916 1613 1092 1659 pensionis
1120 1626 1232 1648 annue
1260 1614 1380 1648 decem
1406 1614 1569 1648 librarum
1592 1614 1719 1648 vicario

262 1673 482 1720 pensionario
517 1686 579 1720 pro
613 1680 768 1720 tempore
800 1674 964 1708 existenti
1002 1673 1149 1708 Necnon
1181 1674 1222 1708 ad
1255 1674 1403 1708 omnium
1437 1680 1471 1708 et
1506 1674 1719 1721 singulorum

263 1733 405 1768 aliorum
433 1747 574 1768 onerum
608 1734 859 1768 ordinariorum
891 1740 926 1769 et
957 1735 1309 1769 extraordinariorum
1340 1747 1622 1781 quorumeunque
1658 1749 1719 1782 per

262 1805 316 1827 me
341 1806 403 1828 seu
429 1794 697 1840 predecessores
716 1807 811 1829 meos
830 1795 954 1829 dictam
974 1795 1133 1829 vicariam
1161 1801 1362 1842 perpetuam
1391 1808 1452 1842 pro
1480 1802 1634 1842 tempore
1662 1797 1720 1830 ob-

262 1854 536 1890 tinenteslante
564 1854 768 1889 diuisionem
800 1855 1020 1901 partitionem
1052 1855 1304 1901 separationem
1336 1862 1371 1890 et
1401 1855 1720 1891 dimembrationem

264 1915 320 1948 Ac
338 1915 548 1949 creationem
569 1915 779 1950 erectionem
799 1916 960 1950 vnicnem
979 1922 1014 1950 et
1035 1916 1348 1963 incorporationem
1375 1916 1475 1950 modo
1502 1916 1720 1963 infrascripto

262 1975 436 2009 faciendas
459 1984 467 2011 Ι
488 1976 583 2022 prius
608 1976 759 2022 persolui
787 1977 965 2011 solitorum
987 1983 1022 2011 et
1040 1990 1105 2023 que
1126 1977 1261 2012 soluere
1281 1977 1477 2012 debuissem
1504 1990 1566 2012 seu
1584 1977 1720 2012 debuis-

265 2041 342 2069 sent
370 2035 424 2070 Ac
451 2036 479 2069 si
505 2037 597 2070 (licta
621 2049 696 2071 mea
720 2037 846 2071 vicaria
870 2043 1039 2084 perpetua
1062 2043 1180 2072 erecta
1197 2037 1292 2072 vnita
1318 2045 1353 2072 et
1379 2037 1413 2071 in
1440 2050 1540 2072 vnam
1560 2037 1719 2072 vicariam

264 2095 516 2142 pensionariam
535 2103 571 2131 et
589 2097 673 2131 duas
690 2098 887 2144 prebendas
905 2104 943 2133 vt
960 2097 1170 2145 premittitur
1189 2098 1303 2133 diuisa
1321 2104 1356 2132 et
1373 2098 1499 2144 partita
1517 2111 1584 2132 non
1599 2098 1721 2133 fuisset

265 2156 434 2202 integram
454 2156 659 2191 solutionem
678 2164 713 2192 et
732 2158 999 2193 satisfactionem
1017 2159 1108 2193 inter
1127 2159 1218 2206 ipsos
1243 2159 1491 2206 prebendarios
1510 2159 1720 2194 constituen-

266 2216 328 2250 dos
347 2222 382 2250 et
401 2216 586 2262 erigendos
605 2218 773 2264 equaliter
792 2219 1012 2253 diuidendam
1030 2219 1208 2266 perpetuis
1226 2219 1350 2254 futuris
1368 2219 1580 2266 temporibus
1594 2219 1719 2254 facien-

265 2276 341 2309 dam
359 2284 366 2311 Ι
383 2276 594 2310 tenebuntur
613 2278 857 2324 obligabuntur
876 2285 911 2313 et
929 2279 1166 2325 astringentur
1193 2280 1249 2314 Ex
1267 2280 1476 2326 prefatarum
1503 2279 1666 2326 priorisse
1685 2287 1720 2314 et
