1922 2764
266 336 312 367 38
594 329 749 365 LIBER
776 328 1024 364 ECCLESIE
1053 326 1222 363 COLLE
1230 326 1393 362 GIATE

264 427 449 464 Prebenda
466 427 598 462 decima
614 426 756 461 fundata
772 438 835 473 per
853 425 1026 460 dominum
1047 424 1237 459 Martinum
1259 424 1349 458 Reid

262 516 561 583 VNIUERSIS
579 552 614 580 et
633 545 778 591 singulis
798 543 1022 580 Christofidei
1041 542 1230 577 cultoribus
1251 541 1402 577 Nouerit
1418 542 1626 577 vniuersitas
1644 555 1719 577 ves-

261 614 314 642 tra
331 620 385 642 me
404 606 580 641 dominum
606 605 799 640 Martinum
819 604 910 639 Reid
928 603 1143 650 capellanum
1162 602 1353 649 capellanie
1375 602 1490 637 Sancti
1511 602 1719 637 Christofori

262 668 296 702 in
316 667 464 703 ecclesia
481 666 746 713 metropolitana
766 663 978 710 Glasguensi
998 663 1122 697 situate
1166 662 1226 697 Ad
1244 663 1379 697 laudem
1398 663 1541 710 gloriam
1561 669 1597 698 et
1613 663 1719 697 hono-

261 740 334 763 rem
355 728 480 763 Sancte
501 733 536 762 et
554 726 738 761 Indiuidue
759 724 942 759 Trinitatis
962 723 1074 758 Patris
1093 729 1128 758 et
1147 723 1225 757 Filii
1245 729 1280 758 et
1301 723 1558 770 Spiritussancti
1576 732 1584 759 Ι
1604 723 1719 758 Glori-

262 802 320 824 ose
342 788 499 835 Virginis
518 787 632 822 Marie
651 793 687 822 et
706 786 869 821 Omnium
891 786 1093 820 Sanctorum
1109 790 1145 819 et
1161 784 1412 819 Gloriosissimi
1432 784 1591 818 Nominis
1608 784 1718 820 Jhesu

263 850 318 884 Ac
336 850 378 884 ad
398 849 505 883 diuini
534 848 646 883 cultus
673 853 894 893 augmentum
923 851 958 880 et
984 858 1046 892 pro
1065 845 1177 879 anima
1203 857 1279 879 mea
1304 845 1411 892 patris
1438 851 1474 879 et
1500 845 1616 879 matris
1642 858 1718 879 mee

260 916 441 956 parentum
461 915 496 944 et
514 908 697 943 amicorum
725 919 878 942 meorum
906 906 1054 940 Necnon
1073 905 1261 940 animarum
1288 906 1424 940 illorum
1443 918 1462 940 a
1479 906 1603 952 quibus
1629 906 1719 940 bona

260 970 373 1016 aliqua
391 970 425 1003 in
445 969 516 1003 vita
533 981 609 1004 mea
629 968 746 1014 recepi
774 980 836 1014 pro
855 967 977 1013 quibus
997 966 1039 1001 ad
1058 966 1197 1013 plenum
1224 979 1291 1000 non
1320 966 1470 1001 satisfeci
1498 966 1717 1013 omniumque

259 1030 411 1064 fidelium
439 1029 679 1063 defunctorum
708 1028 817 1062 salute
835 1036 843 1063 Ι
860 1040 960 1062 vnam
986 1027 1211 1074 capellaniam
1238 1033 1441 1074 perpetuam
1464 1027 1506 1061 de
1534 1040 1625 1061 nouo
1643 1027 1717 1061 fun-

259 1091 359 1124 dasse
375 1090 530 1124 erexisse
545 1089 722 1124 ordinasse
741 1096 749 1124 Ι
765 1100 900 1123 necnon
916 1087 1089 1134 presentis
1108 1087 1225 1134 scripti
1241 1094 1363 1122 tenore
1381 1101 1444 1134 pro
1458 1094 1628 1134 perpetuo
1643 1088 1717 1121 fun·

259 1151 341 1184 darc
361 1156 396 1184 et
414 1150 551 1196 erigere
568 1158 577 1185 Ι
594 1149 656 1184 sub
675 1149 776 1183 modo
796 1154 831 1183 et
848 1148 956 1182 forma
974 1148 1265 1195 subsequentibus
1287 1148 1321 1182 in
1344 1148 1503 1183 Ecclesia
1522 1147 1718 1194 Collegiata

261 1210 369 1245 Beate
388 1210 502 1244 Marie
519 1210 678 1257 Virginis
694 1216 729 1244 et
750 1210 875 1244 Sancte
893 1209 998 1243 Anne
1017 1208 1135 1243 matris
1154 1209 1228 1243 eius
1246 1208 1388 1243 fundata
1405 1221 1468 1255 per
1482 1209 1717 1243 venerabilem

260 1277 294 1304 et
321 1270 503 1316 egregium
529 1270 641 1305 virum
666 1270 867 1316 magistrum
892 1269 1059 1305 Jacobum
1092 1269 1299 1304 Houstoune
1318 1269 1551 1304 subdecanum
1570 1270 1717 1304 ecclesie

261 1331 525 1378 metropolitane
542 1330 774 1377 Glasguensis
793 1331 826 1364 in
843 1330 983 1365 ciuitate
1002 1330 1215 1376 Glasguensi
1235 1330 1359 1365 situata
1403 1330 1461 1364 Ad
1480 1330 1716 1376 cuiusquidem

260 1392 428 1438 capellani
448 1404 509 1426 seu
530 1391 752 1438 prebendarii
772 1391 828 1438 qui
847 1403 910 1437 pro
928 1396 1084 1437 tempore
1102 1391 1208 1424 fuerit
1225 1390 1402 1425 honestam
1430 1391 1715 1425 sustentationem

259 1457 460 1486 tenementa
489 1451 727 1498 possessiones
756 1459 793 1486 et
819 1463 951 1485 annuos
979 1451 1135 1486 redditus
1165 1451 1382 1497 infrascripta
1408 1460 1416 1486 l
1443 1464 1508 1498 que
1540 1451 1641 1486 michi
1671 1465 1716 1486 ex

259 1511 375 1546 diuina
393 1514 505 1558 gratia
523 1518 559 1546 et
576 1517 768 1558 conquestu
787 1511 1005 1546 aduenerant
1021 1520 1029 1547 l
1045 1511 1125 1545 dedi
1145 1511 1300 1546 concessi
1319 1518 1354 1546 et
1372 1511 1406 1545 in
1431 1524 1549 1558 puram
1569 1512 1715 1547 elimosi-

258 1584 335 1606 nam
353 1581 361 1607 Ι
378 1572 465 1606 sicut
484 1572 597 1619 aliqua
615 1572 794 1606 elimosina
820 1571 909 1606 infra
934 1584 1081 1618 regnum
1108 1571 1223 1606 Scotie
1242 1571 1342 1606 datur
1361 1577 1397 1606 et
1414 1572 1615 1606 conceditur
1633 1582 1640 1608 l
1657 1573 1715 1607 do-

259 1632 338 1666 naui
357 1638 392 1667 et
410 1632 584 1678 assignaui
603 1645 678 1667 cum
698 1632 856 1667 omnibus
874 1638 910 1667 et
928 1632 1074 1679 singulis
1101 1632 1170 1666 suis
1198 1632 1414 1667 libertatibus
1441 1633 1661 1679 pertinentiis
1680 1640 1715 1668 et

261 1693 558 1728 commoditatibus
589 1694 841 1740 imperpetuum
870 1693 995 1727 tradidi
1023 1700 1058 1728 et
1085 1693 1228 1740 erogaui
1257 1703 1266 1729 l
1294 1694 1591 1740 Quorumquidem
1619 1700 1714 1729 tene-

260 1759 453 1788 mentorum
471 1753 729 1800 possessionum
747 1760 783 1788 et
800 1766 990 1788 annuorum
1020 1753 1217 1788 reddituum
1245 1754 1329 1789 ordo
1357 1754 1512 1801 sequitur
1528 1763 1536 1790 l
1554 1755 1715 1801 Inprimis

260 1827 363 1849 vnum
382 1821 621 1850 tenementum
648 1815 810 1850 situatum
833 1814 867 1849 in
886 1814 1027 1849 ciuitate
1049 1814 1262 1861 Glasguensi
1280 1815 1314 1849 in
1334 1815 1410 1849 vico
1428 1815 1603 1862 wlgariter
1630 1828 1714 1849 nun-

259 1883 382 1922 cupato
406 1884 413 1911 Ι
435 1875 513 1910 The
536 1875 747 1922 Gallowgait
768 1884 777 1911 l
797 1888 860 1922 per
886 1875 1053 1922 meipsum
1080 1881 1315 1910 constructum
1340 1876 1460 1922 jacens
1486 1876 1578 1910 inter
1604 1882 1714 1910 terras

258 1936 426 1971 Johannis
450 1936 561 1983 Mayn
580 1948 625 1971 ex
644 1936 850 1971 occidentali
869 1942 905 1970 et
922 1941 1034 1970 terras
1052 1935 1131 1970 olim
1153 1935 1318 1970 Willelmi
1348 1936 1509 1971 Salmond
1534 1948 1579 1970 ex
1603 1936 1714 1970 orien-

259 1996 316 2030 tali
337 1996 490 2042 partibus
508 2004 516 2032 l
533 1996 620 2031 Item
640 1996 784 2043 triginta
802 2008 864 2031 sex
883 1996 983 2030 solidi
1002 1996 1106 2030 annui
1134 1996 1289 2031 redditus
1316 1996 1488 2031 annuatim
1512 1996 1650 2030 leuandi
1670 1997 1713 2031 de

259 2062 458 2090 tenemento
478 2056 640 2103 contigue
660 2057 840 2091 adiacente
859 2056 951 2091 dicto
970 2069 1046 2091 meo
1064 2062 1264 2091 tenemento
1283 2063 1461 2104 spectante
1481 2057 1560 2091 olim
1581 2056 1713 2091 Willel-

260 2129 314 2150 mo
332 2116 493 2151 Gardnar
513 2129 557 2151 ex
575 2122 672 2162 parte
691 2117 876 2163 posteriori
890 2117 972 2151 dicti
991 2116 1058 2151 mei
1072 2117 1262 2151 tenementi
1279 2125 1288 2153 l
1304 2117 1392 2151 Item
1411 2130 1523 2152 meum
1541 2117 1713 2163 posterius

260 2181 496 2210 tenementum
517 2176 637 2221 jacens
655 2176 689 2210 in
708 2177 763 2211 via
782 2177 938 2224 predicta
955 2177 1129 2223 wlgariter
1148 2184 1344 2224 nuncupata
1360 2187 1368 2213 l
1386 2177 1463 2212 The
1486 2177 1687 2223 Gallovgait
1703 2186 1711 2212 l

259 2248 335 2270 cum
355 2241 430 2269 orto
449 2242 483 2270 et
501 2236 646 2282 singulis
674 2237 743 2271 suis
770 2237 990 2283 pertinentiis
1007 2246 1015 2273 l
1032 2244 1179 2283 excepto
1205 2249 1273 2271 vno
1300 2237 1439 2271 cellario
1466 2237 1604 2271 australi
1630 2237 1711 2271 dicti

260 2296 461 2343 posterioris
492 2297 682 2330 tenementi
709 2297 801 2343 quod
832 2297 1008 2332 cellarium
1036 2309 1180 2331 reseruo
1206 2297 1371 2332 anteriori
1401 2303 1600 2331 tenemento
1629 2297 1711 2330 dicti

258 2357 324 2390 loci
341 2357 500 2401 [jacente
528 2356 618 2390 inter
645 2362 754 2391 terras
777 2357 946 2402 quondam
966 2357 1087 2392 Jaeobi
1108 2357 1288 2391 lVilsoune
1309 2369 1352 2391 ex
1371 2356 1529 2391 orientali
1548 2362 1583 2390 et
1601 2362 1710 2390 terras
