1922 2764
235 242 280 272 22
563 238 716 272 LIBER
744 238 990 273 ECCLESIE
1020 236 1359 273 COLLEGIATE

235 367 305 432 IN
337 397 426 432 DEI
458 397 665 433 NOMINE
701 398 814 433 Amen
837 419 842 425 ·
867 398 934 432 Per
961 397 1025 432 hoc
1050 410 1196 444 presens
1222 396 1396 443 publicum
1423 396 1688 430 instrumentum

236 457 368 492 cunctis
385 463 501 504 pateat
515 457 697 492 euidenter
712 458 803 504 quod
821 470 911 492 anno
925 457 1170 492 incarnationis
1190 456 1374 491 Dominice
1393 455 1574 490 millesimo
1592 456 1689 502 quin-

233 517 427 564 gentesimo
447 518 878 564 Quadragesimosecundo
904 518 1031 552 mensis
1050 529 1134 551 vero
1155 516 1239 550 Maii
1258 516 1313 550 die
1332 516 1442 562 primo
1494 516 1688 550 Indictione

236 577 489 624 decimaquinta
533 578 756 612 Pontificatus
785 577 988 612 sanctissimi
1015 577 1048 611 in
1071 577 1212 611 Christo
1230 576 1337 623 patris
1364 583 1400 611 et
1426 576 1554 610 domini
1580 577 1688 611 nostri

235 640 377 674 Domini
398 640 495 674 Pauli
512 640 629 674 diuina
644 639 863 686 prouidentia
892 639 983 685 Pape
1003 638 1097 672 tertii
1121 650 1211 672 anno
1238 643 1360 672 octauo
1388 637 1444 671 IN
1470 637 1536 672 mei
1564 638 1687 672 notarii

234 701 362 746 publici
380 707 416 735 et
433 701 575 735 testium
595 700 864 746 subscriptorum
884 698 1060 745 presentia
1077 698 1308 745 personaliter
1322 698 1529 733 constitutus
1544 711 1688 733 venera-

233 760 311 795 bilis
328 760 381 794 vir
399 760 562 807 magister
579 760 731 796 Jacobus
751 759 924 805 Kennedy
942 768 950 795 s
967 758 1114 793 vicarius
1141 765 1330 805 perpetuus
1349 759 1496 793 ecclesie
1514 759 1687 806 parrochi-

233 821 295 856 alis
319 822 361 856 de
390 821 559 867 Mayboill
582 820 812 867 Glasguensis
831 819 978 854 diocesis
995 828 1003 854 s
1020 819 1176 853 omnibus
1195 819 1394 854 melioribus
1413 820 1513 854 modo
1531 820 1587 854 via
1609 820 1686 866 jure

232 882 341 916 forma
358 888 393 916 et
410 894 512 916 causa
528 891 535 917 Ι
552 882 674 928 quibus
698 880 820 915 melius
848 886 883 914 et
911 880 1080 914 efficacius
1109 880 1221 926 potuit
1245 886 1280 914 et
1304 880 1424 915 debuit
1450 886 1633 927 potestque
1653 887 1688 915 et

232 943 337 977 debet
354 951 362 978 l
378 942 459 977 fecit
477 942 608 976 creauit
622 941 801 988 deputauit
815 947 850 975 et
869 941 1059 975 solenniter
1075 940 1248 975 ordinauit
1263 949 1272 977 l
1287 947 1391 987 prout
1405 947 1527 976 tenore
1545 953 1687 988 presen-

232 1003 315 1037 tium
333 1003 415 1037 facit
432 1008 527 1037 creat
552 1002 704 1036 nominat
722 1002 866 1048 deputat
884 1008 918 1036 et
937 1001 1128 1036 solenniter
1147 1001 1283 1035 ordinat
1299 1010 1307 1037 l
1324 1002 1559 1036 venerabilem
1577 1001 1686 1036 virum

233 1064 432 1110 magistrum
452 1063 631 1098 Matheum
653 1063 798 1097 Stewart
816 1062 1017 1097 canonicum
1037 1062 1184 1096 ecclesie
1203 1062 1467 1109 metropolitane
1489 1062 1686 1109 Glasguen-

233 1125 278 1159 sis
296 1137 335 1158 ac
353 1130 523 1158 rectorem
543 1124 585 1158 de
605 1124 731 1158 Moffet
749 1123 781 1156 in
799 1123 917 1157 cadem
935 1132 943 1158 l
961 1128 995 1157 et
1009 1122 1210 1168 magistrum
1227 1122 1437 1157 Willelmum
1456 1123 1612 1169 Wynyet
1627 1131 1636 1157 Ι
1653 1129 1687 1157 et

232 1198 348 1220 eorum
368 1186 557 1232 quemlibet
574 1185 756 1219 insolidum
776 1183 984 1218 coniunctim
1003 1190 1039 1217 et
1057 1183 1193 1217 diuisim
1210 1192 1218 1220 Ι
1236 1196 1315 1217 suos
1333 1195 1436 1218 veros
1455 1189 1568 1218 certos
1585 1183 1686 1230 legit-

232 1247 330 1281 timos
358 1252 393 1281 et
419 1246 629 1280 indubitatos
656 1251 897 1291 procuratores
925 1250 1059 1279 actores
1077 1244 1226 1278 factores
1245 1250 1280 1278 et
1301 1244 1520 1289 negotiorum
1548 1256 1685 1278 suorum

231 1307 524 1353 infrascriptorum
543 1312 702 1353 gestores
718 1319 756 1340 ac
776 1305 918 1339 nunc'10s
938 1304 1105 1351 speciales
1120 1310 1156 1339 et
1173 1305 1357 1350 generales
1373 1313 1382 1340 Ι
1398 1305 1445 1339 ita
1462 1311 1576 1339 tamen
1595 1305 1686 1350 quod

232 1367 424 1414 specialitas
446 1366 666 1413 generalitati
684 1379 752 1400 non
772 1366 920 1411 deroget
938 1377 1002 1399 nec
1021 1371 1140 1399 contra
1156 1374 1164 1401 Ι
1181 1365 1295 1399 dando
1313 1371 1349 1399 et
1366 1365 1590 1399 concedendo
1608 1377 1685 1411 pre-

231 1428 331 1462 dictis
360 1428 430 1461 suis
457 1427 738 1474 procuratoribus
767 1432 802 1460 et
831 1438 948 1460 eorum
976 1425 1118 1459 cuilibet
1146 1425 1354 1460 coniunctim
1375 1431 1409 1459 et
1427 1425 1562 1459 diuisim
1591 1437 1685 1459 suam

231 1501 346 1522 veram
365 1488 566 1534 legittimam
591 1487 779 1534 plenariam
798 1493 833 1520 et
851 1486 1077 1519 omnimodam
1104 1491 1311 1532 potestatem
1329 1498 1369 1520 ac
1386 1486 1582 1520 mandatum
1609 1498 1682 1532 spe-

231 1549 316 1583 ciale
336 1556 370 1582 et
387 1548 552 1595 generale
595 1548 653 1581 Ad
671 1547 807 1581 nomine
828 1547 933 1593 ipsius
949 1546 1191 1580 constituentis
1209 1546 1399 1593 predictam
1415 1559 1508 1580 suam
1523 1546 1683 1581 vicariam

231 1610 273 1643 de
294 1609 462 1654 Mayboill
481 1621 557 1643 cum
576 1608 733 1642 omnibus
756 1607 891 1653 juribus
911 1613 945 1640 et
963 1607 1182 1653 pertinentiis
1205 1607 1274 1641 suis
1292 1607 1326 1641 in
1346 1607 1501 1641 manibus
1519 1619 1684 1642 reueren-

230 1669 359 1704 dissimi
378 1670 410 1703 iu
433 1669 573 1704 Christo
592 1668 697 1715 patris
712 1674 748 1702 et
761 1667 888 1701 domini
907 1667 1035 1701 Gauini
1051 1667 1270 1701 miseratione
1287 1667 1401 1701 diuina
1420 1667 1683 1714 Archiepiscopi

234 1730 464 1776 Glasguensis
481 1739 488 1765 l
505 1742 567 1776 pro
594 1729 738 1763 duorum
764 1727 1071 1774 prebendariorum
1089 1736 1097 1763 Ι
1113 1727 1147 1761 in
1175 1728 1334 1762 Ecclesia
1353 1728 1548 1774 Collegiata
1575 1728 1683 1762 Beate

233 1791 344 1825 Marie
364 1803 500 1837 semper
519 1789 678 1836 Virginis
697 1796 732 1823 et
752 1789 856 1822 Anne
884 1788 1001 1822 matris
1028 1788 1102 1822 eius
1130 1788 1254 1822 situata
1280 1787 1369 1822 infra
1386 1788 1560 1823 ciuitatem
1583 1788 1684 1823 Glas-

230 1864 397 1897 guenscm
412 1863 451 1885 ac
466 1850 607 1884 fundata
625 1862 687 1896 per
702 1848 935 1883 venerabilem
952 1848 1061 1882 virum
1076 1848 1277 1895 magistrum
1291 1848 1458 1883 Jacobum
1476 1849 1683 1883 Houstoune

231 1912 462 1946 subdecanum
489 1911 580 1945 dicte
608 1910 754 1945 ecclesie
777 1909 1008 1955 Glasguensis
1025 1917 1033 1944 l
1050 1915 1218 1956 perpetuo
1243 1909 1486 1955 erigendorum
1515 1916 1684 1945 sustenta-

231 1973 323 2006 tione
336 1978 371 2006 et
383 1972 641 2006 manutentione
659 1980 667 2006 l
680 1971 778 2017 juxta
793 1969 971 2017 prouidam
984 1969 1090 2015 ipsius
1103 1969 1384 2004 reuerendissimi
1396 1969 1524 2004 domini
1538 1969 1684 2004 Archie-

230 2031 359 2077 piscopi
379 2032 609 2078 Glasguensis
628 2031 692 2065 loci
708 2029 872 2064 ordinarii
888 2036 923 2064 et
938 2029 1019 2063 dicti
1040 2029 1192 2075 magistri
1212 2029 1334 2065 Jacobi
1355 2029 1563 2065 Houstoune
1578 2030 1684 2077 ipsius

233 2091 382 2137 Collegii
416 2091 606 2125 fundatoris
641 2090 911 2125 moderationem
943 2089 1154 2124 erectionem
1186 2096 1221 2124 et
1251 2090 1503 2124 ordinationem
1534 2091 1684 2137 desuper

230 2153 335 2185 factas
354 2164 415 2185 seu
434 2152 563 2185 fiendas
580 2161 588 2187 l
605 2164 689 2198 pure
709 2158 744 2186 et
762 2151 963 2197 simpliciter
982 2150 1228 2196 resignandum
1247 2151 1439 2186 cedendum
1459 2157 1494 2186 et
1512 2151 1684 2186 dimitten-

231 2213 310 2246 dum
342 2211 457 2257 Atque
488 2212 757 2257 resignationem
788 2211 980 2245 cessionem
1008 2217 1043 2244 et
1069 2211 1303 2245 dimissionem
1333 2212 1526 2246 huiusmodi
1553 2212 1684 2246 admitti

231 2271 416 2318 petendum
437 2278 471 2305 et
493 2272 716 2305 obtinendum
746 2271 893 2305 Necnon
921 2270 955 2304 in
983 2271 1127 2305 animam
1155 2272 1262 2319 ipsius
1288 2272 1416 2306 domini
1443 2272 1684 2306 constituentis
