1922 2764
637 250 678 285 B.
707 251 753 286 V.
782 251 950 286 MARIE
980 253 1047 287 ET
1076 254 1110 288 S.
1141 254 1298 290 ANNE.
1651 260 1696 299 69

337 346 404 381 ΕΤ
435 346 544 383 EGO
574 347 753 384 Johannes
784 348 872 383 Blak
903 349 1025 384 artium
1057 350 1222 397 magister
1251 353 1436 399 presbyter
1466 354 1697 402 Glasguensis

337 407 484 442 diocesis
515 408 672 454 publicus
701 421 797 444 sacra
824 410 1028 445 auctoritate
1060 411 1263 457 Apostolica
1290 414 1444 448 notarius
1501 416 1593 456 Quia
1619 430 1697 464 pre-

335 467 447 502 missis
466 468 623 503 omnibus
650 475 686 503 et
709 469 855 516 singulis
874 470 954 504 dum
974 471 1022 505 sic
1040 476 1077 505 vt
1098 472 1309 518 premittitur
1336 481 1523 519 agerentur
1542 476 1698 512 diceren-

337 534 393 562 tur
412 535 447 563 et
464 529 590 563 fierent
608 542 753 564 vnaourn
779 530 1027 577 prenominatis
1045 531 1194 566 testibus
1219 545 1364 579 presens
1391 536 1620 580 personaliter
1647 538 1697 571 in-

336 588 440 623 terfui
459 589 581 636 anue
601 590 714 624 omnia
728 597 764 625 et
781 591 917 638 singula
935 592 984 626 sic
1001 592 1076 627 fieri
1092 592 1162 627 vidi
1182 593 1266 627 sciui
1286 599 1321 628 et
1340 594 1453 628 audiui
1474 608 1512 630 ac
1531 595 1564 630 in
1584 603 1697 632 notam

337 649 413 696 cepi
433 649 588 696 Ideoque
614 651 680 685 hoc
702 664 847 698 presens
865 652 1039 699 publicum
1066 653 1331 688 instrumentum
1349 667 1451 689 manu
1470 668 1544 690 mea
1561 658 1701 704 propria

336 709 486 744 fideliter
513 710 677 757 scriptum
697 712 824 747 exinde
843 713 976 748 confeci
1003 714 1189 761 subscripsi
1209 720 1243 749 et
1267 715 1439 762 publicani
1469 716 1644 764 Signoque
1664 725 1700 752 et

337 770 475 805 nomine
495 771 579 805 meis
599 772 707 806 solitis
723 778 758 807 et
776 774 951 808 consuetis
970 774 1105 820 signaui
1124 780 1265 821 rogatus
1285 781 1320 809 et
1338 776 1524 822 requisitus
1542 777 1576 811 in
1596 778 1698 813 fidem

338 836 373 865 et
390 830 622 866 testimonium
642 833 797 868 veritatis
816 834 966 868 omnium
985 840 1020 869 et
1038 834 1251 881 singulorum
1270 836 1514 882 premissorum

240 981 312 1047 IN
338 1011 429 1046 DEI
462 1012 671 1047 NOMINE
702 1013 815 1048 Amen
839 1035 845 1041 -
870 1014 936 1049 Per
967 1015 1033 1049 hoc
1063 1015 1238 1062 publicum
1270 1016 1535 1050 instrumentum
1567 1017 1699 1051 cunetis

240 1078 357 1119 pateat
374 1073 465 1119 quod
483 1085 573 1107 anno
592 1073 836 1109 incarnationis
856 1075 1040 1110 Dominice
1058 1075 1240 1110 millesimo
1258 1076 1537 1123 quingentesimo
1552 1077 1699 1112 decimo-

241 1133 387 1180 septimo
405 1133 460 1168 die
480 1146 563 1168 vero
581 1140 703 1180 quarto
721 1135 849 1169 mensis
876 1135 994 1170 Martii
1019 1144 1027 1172 l
1050 1136 1090 1170 In
1118 1136 1186 1171 mei
1212 1137 1337 1171 notarii
1360 1137 1487 1184 publici
1507 1143 1542 1172 et
1560 1137 1699 1172 testium

241 1194 511 1240 subscriptorum
535 1194 711 1241 presentia
739 1195 968 1242 personaliter
993 1197 1199 1231 constitutus
1226 1197 1436 1232 honorabilis
1468 1198 1520 1232 vir
1548 1198 1699 1233 Thomas

242 1254 404 1299 Hugonis
430 1254 513 1288 alias
541 1254 769 1290 Huchisoune
792 1264 800 1291 Ι
823 1256 968 1290 accessit
994 1257 1036 1290 ad
1062 1263 1174 1292 terras
1201 1263 1237 1292 et
1261 1264 1462 1292 tenementa
1488 1259 1699 1305 subsequen-

241 1314 499 1350 teslvidelicet
518 1322 527 1350 Ι
547 1315 589 1348 ad
616 1315 786 1361 quoddam
814 1322 1050 1351 tenementum
1078 1318 1142 1352 sibi
1169 1324 1329 1365 spectans
1352 1319 1473 1364 jacens
1498 1318 1531 1352 in
1559 1318 1699 1354 ciuitate

245 1375 458 1422 Glasguensi
485 1375 575 1410 inter
603 1375 799 1410 Pretorium
818 1377 909 1411 dicte
928 1377 1010 1411 ville
1037 1390 1080 1411 ex
1106 1384 1204 1425 parte
1234 1379 1374 1413 australi
1402 1385 1436 1413 et
1463 1384 1700 1414 tenementum

242 1436 396 1471 Eduardi
430 1436 526 1471 Scott
554 1448 598 1471 ex
627 1442 726 1483 parte
757 1437 887 1472 boreali
915 1443 951 1472 et
977 1450 1189 1472 communem
1219 1438 1305 1472 viam
1335 1451 1378 1472 ex
1409 1445 1507 1485 parte
1541 1439 1700 1474 orientali

241 1510 348 1544 prope
365 1496 513 1532 Crucem
533 1496 692 1531 Foralem
717 1505 726 1533 l
748 1497 796 1532 Et
813 1497 854 1531 ad
874 1503 1020 1544 quatuor
1038 1511 1169 1533 marcas
1184 1499 1288 1533 annui
1307 1499 1462 1533 redditus
1482 1499 1545 1533 sibi
1565 1499 1700 1535 Thome

241 1557 401 1593 debentis
420 1557 462 1592 de
481 1563 578 1604 parte
603 1557 786 1604 posteriori
806 1558 888 1592 dicti
907 1559 1097 1593 tenementi
1114 1568 1122 1595 Ι
1140 1559 1303 1594 videlicet
1319 1568 1327 1595 Ι
1344 1559 1428 1594 duas
1447 1572 1577 1594 marcas
1596 1561 1700 1595 annui

241 1619 397 1653 redditus
415 1618 458 1652 de
477 1624 677 1652 tenemento
697 1618 886 1653 inhabitato
912 1632 974 1666 per
997 1619 1196 1655 Gilbertum
1226 1620 1336 1655 Sellar
1355 1626 1391 1654 et
1408 1620 1491 1655 alias
1511 1621 1595 1655 duas
1614 1634 1699 1655 mar-

241 1692 300 1714 cus
319 1679 423 1713 annui
450 1678 605 1713 redditus
623 1679 731 1713 debiti
753 1679 796 1714 de
816 1686 1017 1714 tenemento
1035 1680 1205 1715 Johannis
1226 1680 1402 1726 Langside
1430 1680 1619 1715 inhabitato
1638 1694 1699 1728 per

241 1739 390 1774 eundem
407 1748 415 1776 l
434 1739 676 1786 Quadraginta
695 1739 822 1774 solidos
850 1740 953 1774 annui
981 1740 1137 1775 redditus
1158 1741 1269 1775 eidem
1290 1740 1424 1774 Thome
1444 1741 1549 1775 debiti
1570 1741 1612 1775 de
1632 1755 1699 1776 vno

241 1806 441 1835 tenemento
468 1800 607 1846 jacente
635 1813 678 1834 ex
709 1806 807 1847 parte
835 1801 974 1835 australi
1005 1800 1084 1835 Vici
1114 1801 1238 1836 Sancte
1270 1801 1395 1835 Tenen
1422 1801 1611 1835 inhabitato
1637 1814 1699 1848 per

240 1861 433 1897 Johannem
467 1860 619 1895 Terbart
649 1866 684 1895 et
713 1861 907 1896 ,Iohannem
937 1861 1051 1895 Adam
1082 1861 1172 1895 inter
1203 1867 1312 1895 terras
1344 1861 1513 1906 quondam
1545 1862 1700 1908 magistri

242 1921 380 1956 Valteri
400 1921 595 1967 Kennedye
616 1933 659 1955 ex
679 1921 837 1955 orientali
856 1928 892 1955 et
910 1927 1020 1955 terras
1047 1921 1153 1968 ipsius
1173 1921 1307 1954 Thome
1331 1933 1374 1954 ex
1393 1920 1597 1955 occidentali
1624 1935 1698 1969 par-

242 1982 332 2016 tibus
355 1982 427 2018 [Et
453 1981 496 2016 ad
520 1987 758 2016 tenementum
789 1981 895 2027 ipsius
923 1980 1058 2015 Thome
1086 1981 1206 2027 jacens
1234 1994 1278 2015 ex
1306 1986 1403 2027 parte
1431 1981 1635 2016 occidentali
1663 1990 1700 2018 vt

243 2055 346 2089 supra
364 2042 580 2089 specificatur
597 2050 605 2077 l
622 2041 669 2075 Et
693 2041 733 2075 ad
755 2041 950 2087 quindecim
978 2041 1106 2075 solidos
1134 2041 1237 2075 annui
1264 2041 1420 2075 redditus
1447 2042 1510 2076 sibi
1529 2042 1636 2077 debiti
1656 2044 1698 2078 de

242 2109 442 2137 tenemento
460 2102 650 2136 inhabitato
676 2114 738 2148 per
756 2100 951 2136 Johannem
978 2101 1055 2135 Bell
1073 2110 1082 2137 Ι
1100 2101 1145 2135 Et
1164 2101 1205 2135 ad
1225 2114 1327 2135 vnum
1347 2107 1582 2136 tenementum
1605 2103 1699 2138 inha-

240 2163 384 2198 bitatum
415 2175 477 2209 per
503 2162 697 2198 Johannem
727 2161 934 2195 Houstoune
962 2174 1037 2195 cum
1070 2173 1194 2207 magno
1221 2167 1296 2195 orto
1324 2162 1477 2196 eiusdem
1509 2165 1699 2199 tenementi

239 2224 358 2270 jacens
376 2223 467 2257 inter
485 2229 596 2257 terras
614 2222 657 2256 de
678 2221 839 2255 Mutland
860 2221 959 2256 Croft
985 2234 1028 2256 ex
1057 2222 1261 2256 occidentali
1288 2228 1324 2256 et
1349 2227 1459 2256 terras
1486 2223 1567 2257 dicti
1593 2237 1698 2270 quon-

243 2284 320 2318 dam
350 2283 505 2330 magistri
532 2282 669 2316 Valteri
701 2281 875 2328 Kennedy
907 2294 950 2315 ox
978 2282 1136 2316 orientali
1158 2291 1166 2318 l
1190 2282 1236 2316 Et
1263 2282 1303 2316 ad
1336 2295 1434 2317 vnam
1467 2296 1576 2318 acram
1606 2290 1697 2319 terre
