1922 2764
112 1516 169 1550 63.

228 249 297 279 214
650 245 980 281 MUNIMENTA
1008 244 1268 281 FRATRUM

228 354 386 389 Pretorio
413 354 566 389 eiusdem
587 355 629 389 ob
647 367 716 389 non
736 354 946 389 solucionem
966 354 1051 389 certi
1070 353 1174 388 annui
1204 353 1362 388 redditus
1393 353 1435 387 ad
1467 352 1532 388 tria
1561 353 1686 400 placita

226 415 383 462 capitalia
412 415 564 462 legitime
582 415 794 462 recognitam
813 416 1006 462 [jacentem
1026 415 1060 448 in
1091 414 1230 461 publica
1247 413 1303 448 via
1320 426 1386 460 que
1418 413 1513 449 ducit
1530 426 1550 448 a
1581 413 1685 448 Porta

228 475 384 511 Australi
405 476 446 511 ad
466 477 635 523 Magnum
652 477 796 511 Pontem
815 476 986 523 lapideum
1007 487 1052 509 ex
1070 480 1167 522 parte
1182 474 1323 509 australi
1338 474 1492 509 eiusdem
1510 483 1518 510 l
1534 474 1684 509 discreto

226 536 300 571 viro
332 536 505 572 Macolmo
525 537 730 584 Colquhoun
763 537 832 571 filio
863 536 1031 583 quondam
1068 535 1161 570 Petri
1183 535 1390 582 Colquhoun
1422 535 1465 570 de
1498 535 1682 582 Kyrktoun

226 597 364 644 suisque
395 597 581 632 heredibus
613 604 648 632 et
678 596 861 644 assignatis
891 595 1153 643 quibuscunque
1184 617 1190 622 ·
1214 595 1418 631 Tenendam
1439 602 1474 631 et
1491 596 1684 631 habendam

225 657 317 692 dicto
337 657 510 693 Macolmo
535 658 722 692 heredibus
742 657 811 691 suis
831 662 866 691 et
884 656 1067 703 assignatis
1085 656 1119 690 in
1146 656 1249 691 feodo
1268 663 1303 691 et
1333 656 1526 691 hereditate
1558 657 1684 704 imper-

224 724 366 765 petuum
411 719 606 753 Reddendo
632 718 713 752 inde
740 717 913 752 annuatim
942 717 1054 751 Priori
1082 722 1117 752 et
1135 718 1323 764 conuentuj
1344 717 1502 752 Fratrum
1524 717 1683 753 Predica-

225 784 335 813 torum
355 779 397 813 de
420 779 562 825 Glasgw
581 778 638 825 qui
665 791 727 825 pro
746 785 901 825 tempore
925 777 1056 812 fuerint
1083 791 1244 812 summam
1273 778 1467 825 quindecim
1497 778 1681 813 solidorum

224 839 327 873 annui
346 840 502 874 redditus
524 860 530 866 ·
556 839 646 873 Acta
665 839 806 873 fuerunt
824 838 887 872 hec
904 851 1007 886 super
1023 838 1130 873 solum
1145 839 1311 873 dictarum
1327 845 1495 874 terrarum
1514 839 1683 886 presenti—

224 900 287 934 bus
301 899 426 934 ibidem
442 899 600 934 discretis
615 899 697 933 viris
711 899 871 935 Johanne
889 899 983 933 Auld
1010 899 1170 935 Johanne
1186 899 1313 934 Nic-hol
1341 900 1487 934 Andrea
1504 899 1682 934 Robisoun

226 960 381 995 Roberto
402 960 525 996 Carnis
567 960 727 996 Johanne
757 960 878 994 Hillok
924 960 1069 995 Andrea
1099 960 1272 1008 Flemyng
1313 961 1473 997 Johanne
1496 961 1681 995 Houstoun

223 1021 456 1067 burgensibus
494 1021 775 1067 Glasguensibus
815 1026 851 1055 et
896 1020 1056 1056 Johanne
1097 1021 1250 1068 Bargille
1299 1021 1459 1056 seriando
1502 1022 1648 1056 testibus
1675 1042 1681 1047 -

225 1081 407 1116 Nicholaio
428 1081 691 1128 W'ithirspuyne
718 1081 846 1115 arcium
874 1081 1038 1128 magistro
1057 1081 1252 1129 clericoque
1275 1081 1507 1129 Glasguensis
1535 1081 1682 1117 diocesis

223 1142 357 1177 notario
375 1142 512 1189 publico
535 1163 540 1168 ·

224 1324 510 1372 Transsumptum
530 1325 647 1359 breuis
666 1325 792 1371 dominj
823 1324 954 1359 Leonis
980 1337 1068 1372 pape
1091 1346 1097 1352 ·
1120 1323 1151 1359 X*
1174 1346 1179 1352 ·
1203 1325 1246 1359 de
1278 1325 1471 1372 priuilegiis
1503 1325 1680 1360 Fratribus

223 1385 395 1421 concessis
418 1407 423 1412 -

224 1480 452 1547 xleUERSIS
474 1524 519 1546 ET
549 1523 721 1546 smGULls
748 1523 1049 1546 VENERAmans
1079 1523 1285 1546 FRATRIBUS
1318 1511 1520 1558 patriarchis
1550 1511 1679 1546 archie-

222 1572 371 1620 piscopis
391 1573 560 1620 episcopis
579 1579 614 1607 et
632 1572 767 1607 dilectis
785 1572 863 1606 filiis
882 1572 1002 1606 electis
1022 1572 1201 1606 abbatibus
1220 1571 1406 1618 prepositis
1424 1585 1463 1606 ac
1492 1571 1678 1618 patriarch-

223 1646 316 1667 arum
351 1633 687 1680 archiepiscoporum
718 1638 752 1667 ct
783 1632 1019 1679 episcoporum
1053 1632 1086 1666 in
1120 1632 1353 1679 spiritualibus
1380 1632 1516 1667 vicariis
1535 1632 1679 1667 vbilibet

222 1694 417 1729 constitutis
464 1694 614 1729 Salutem
634 1700 669 1728 et
687 1693 906 1740 apostolicam
921 1693 1203 1727 benediccionem
1250 1693 1387 1740 Exponj
1404 1693 1503 1727 nobis
1521 1694 1678 1728 fecerunt

222 1755 337 1801 dilectj
369 1755 428 1801 filij
453 1754 638 1790 Generalis
670 1753 842 1800 Magister
861 1759 896 1787 et
929 1753 1066 1787 Priores
1099 1753 1335 1788 Prouinciales
1362 1753 1492 1788 ordinis
1519 1753 1678 1788 Fratrum

222 1815 479 1850 Predicatorum
527 1815 630 1856 Quod
662 1814 742 1848 lieet
775 1814 856 1848 alias
874 1813 984 1848 felicis
1003 1813 1260 1848 recordacionis
1278 1813 1458 1849 ,Iohannes
1488 1813 1580 1861 Papa
1606 1814 1676 1860 xxij

220 1876 438 1923 predicessor
456 1881 574 1910 noster
588 1888 650 1923 per
666 1875 835 1921 quandam
851 1887 945 1908 suam
960 1874 1240 1909 constitutionem
1257 1887 1323 1921 que
1338 1874 1459 1921 incipit
1475 1882 1484 1910 l
1502 1873 1574 1909 Vas
1589 1874 1678 1909 elec-

221 1936 324 1971 tionis
340 1936 563 1983 [opinionem
583 1947 762 1970 erroneam
782 1935 952 1981 quondam
975 1934 1144 1970 Johannis
1163 1935 1206 1969 de
1240 1934 1390 1969 Polliaco
1408 1935 1500 1969 inter
1519 1935 1584 1969 alia
1601 1947 1677 1969 sen-

219 1997 337 2032 tientis
352 1997 442 2044 quod
463 1997 599 2032 fideles·
612 1996 791 2031 Fratribus
805 1995 962 2030 ordinum
980 1995 1257 2030 Mendicantium
1270 2017 1276 2023 ·
1289 1995 1488 2043 generalem
1504 1996 1675 2030 licentiam

219 2070 239 2091 a
255 2058 311 2104 pie
330 2057 492 2092 memorie
513 2057 695 2092 Clemente
716 2057 807 2103 Papa
835 2060 870 2090 v⁰
897 2056 997 2091 etiam
1018 2056 1255 2103 predicessore
1276 2063 1394 2091 nostro
1425 2069 1487 2103 per
1506 2057 1580 2091 eius
1598 2069 1677 2091 con-

219 2117 431 2152 stitutionem
446 2117 479 2151 in
495 2117 651 2152 Concilio
667 2117 858 2152 Viennensi
874 2117 998 2151 editam
1015 2130 1081 2164 que
1096 2117 1216 2164 incipit
1232 2126 1241 2153 l
1259 2117 1400 2151 Dudum
1418 2126 1426 2153 Ι
1443 2117 1677 2152 confessiones

220 2178 379 2225 audiendj
395 2191 592 2213 concessam
605 2198 610 2203 -
623 2178 829 2213 habentibus
845 2200 850 2205 -
869 2178 1015 2224 confessj
1035 2199 1041 2205 -
1058 2184 1262 2213 tenerentur
1275 2184 1416 2226 peccata
1431 2191 1492 2225 per
1505 2191 1564 2212 eos
1578 2178 1677 2212 dictis

220 2239 397 2273 Fratribus
425 2238 473 2273 sic
490 2239 647 2274 confessa
672 2239 811 2286 proprio
830 2238 997 2284 sacerdotj
1018 2239 1142 2273 iterum
1162 2239 1320 2286 confiterj
1344 2260 1350 2265 ·
1373 2239 1588 2274 damnauerit
1631 2238 1677 2272 Et

221 2299 346 2334 deinde
373 2298 557 2333 recolende
590 2298 750 2333 memorie
782 2298 964 2344 Eugenius
995 2305 1136 2344 quartus
1168 2311 1207 2333 ac
1238 2299 1440 2333 Nicholaius
1471 2298 1610 2345 quintus
1640 2304 1675 2331 et
