1922 2764
238 253 305 285 128
563 247 718 282 LIBER
745 245 993 282 ECCLESIE
1023 241 1363 279 COLLEGIATE

237 346 358 380 Tenor
375 344 595 379 instrumenti
609 343 733 390 viginti
752 343 938 378 solidorum
957 341 1061 376 annui
1079 339 1236 375 redditus
1250 338 1293 373 de
1308 341 1509 372 tenemento
1523 336 1693 383 quondam

236 405 387 440 Mariote
409 404 668 440 Hammiltoune
686 404 721 438 in
744 402 1010 449 Rutherglenne

235 493 307 558 IN
333 523 424 557 DEI
450 522 588 556 nomine
609 522 724 556 Amen
746 542 753 548 ·
777 521 845 555 Per
862 520 928 554 hoc
946 519 1119 566 publicum
1138 517 1404 551 instrumentum
1423 515 1555 550 cunctis
1579 521 1695 561 pateat

237 584 328 630 quod
346 596 436 618 anno
454 582 699 617 incarnationis
718 581 902 616 Dominice
922 579 1102 613 millesimo
1121 576 1400 624 quingentesimo
1418 575 1695 623 quadragesimo-

236 645 345 679 tercio
361 645 417 679 die
432 657 517 678 vero
532 643 661 678 mensis
677 642 841 678 Octobris
856 639 1045 688 penultimo
1062 648 1070 675 Ι
1088 639 1128 672 In
1143 638 1211 672 mei
1225 637 1350 672 notarii
1364 636 1492 684 publici
1507 642 1542 671 et
1556 636 1695 670 testium

237 705 507 751 subscriptorum
533 703 710 750 presentia
735 701 965 749 personaliter
991 705 1214 734 accesserunt
1238 698 1417 734 Johannes
1444 697 1561 744 Brady
1580 703 1696 731 textor

237 765 422 812 burgensis
436 764 539 810 burgi
553 764 596 798 de
615 762 856 808 Rutherglene
874 769 882 796 l
899 766 934 795 et
949 759 1142 794 Macolmus
1157 758 1276 805 Brady
1288 758 1361 792 eius
1375 757 1465 792 filius
1478 763 1513 792 et
1527 769 1696 804 apparens

237 826 339 861 heres
365 834 373 862 Ι
398 823 471 872 [ad]
502 836 620 859 eorum
647 828 886 857 tenementum
913 819 1142 868 prescriptum
1168 819 1289 865 jacens
1317 818 1351 852 in
1379 817 1471 852 dieto
1499 817 1625 864 oppido
1652 817 1695 851 de

240 886 482 932 Rutherglene
502 885 535 919 in
556 884 645 918 Vico
666 882 822 917 Australi
842 881 995 916 eiusdem
1017 899 1023 906 ·
1040 886 1075 915 et
1092 879 1220 914 ibidem
1237 887 1337 915 lcum
1357 890 1526 913 consensu
1548 877 1697 912 Isabelle

241 946 381 982 Oswald
399 946 516 980 vxoris
535 945 617 979 dicti
635 943 805 980 Johannis
823 942 949 977 ibidem
977 941 1150 988 presentis
1170 946 1205 975 et
1224 939 1474 975 consentientis
1491 947 1499 975 l
1516 938 1601 972 duos
1620 938 1698 972 soli-

238 1007 300 1041 dos
327 1006 431 1041 annui
457 1005 613 1040 redditus
641 1003 815 1039 annuatim
844 1003 982 1038 leuandi
1001 1002 1044 1037 de
1064 1002 1156 1036 dicto
1175 1013 1294 1036 eorum
1311 1006 1512 1035 tenemento
1528 1009 1537 1036 Ι
1554 1011 1698 1034 vnacum

239 1066 431 1102 octodecim
453 1065 570 1100 solIdis
589 1071 624 1099 et
642 1070 780 1099 centum
804 1063 888 1111 piris
906 1063 951 1097 lie
973 1063 1051 1097 Rob
1072 1061 1212 1108 Hyndis
1239 1060 1445 1107 nuncupatis
1463 1059 1566 1094 annui
1585 1059 1698 1094 reddi-

239 1133 294 1161 tus
312 1126 407 1173 prius
422 1126 465 1160 de
481 1126 572 1160 dicto
586 1131 787 1159 tenemento
802 1124 929 1158 debitis
945 1132 953 1160 1
970 1123 1004 1157 in
1020 1123 1175 1157 manibus
1194 1122 1293 1169 probi
1308 1121 1373 1156 viri
1385 1120 1555 1157 Johannis
1572 1120 1700 1166 Young

240 1187 382 1221 alterius
408 1186 612 1220 balliuorum
637 1185 718 1219 dicti
745 1185 847 1231 burgi
865 1193 873 1221 Ι
889 1184 923 1218 in
943 1184 1096 1218 fauorem
1115 1182 1256 1217 discreti
1275 1182 1339 1216 viri
1357 1181 1512 1228 magistri
1540 1180 1700 1214 Nicholai

241 1247 526 1294 Withirspovune
538 1246 657 1280 vicarii
672 1246 715 1280 de
731 1245 958 1280 Strathavane
975 1252 983 1280 Ι
1001 1244 1223 1290 resignarunt
1239 1251 1248 1278 l
1264 1255 1326 1289 pro
1339 1241 1483 1288 quadam
1498 1253 1628 1276 summa
1641 1253 1699 1287 pe-

240 1308 341 1343 cunie
361 1308 491 1342 eisdem
509 1307 686 1354 persoluta
707 1327 713 1332 -
738 1306 857 1346 Quare
876 1305 1030 1352 prefatus
1052 1304 1200 1338 balliuus
1228 1309 1352 1337 statum
1371 1307 1406 1336 et
1425 1302 1582 1336 saisinam
1602 1301 1700 1336 here-

241 1369 382 1403 ditarios
395 1368 475 1402 dicti
492 1368 596 1402 annui
611 1367 767 1402 redditus
784 1375 793 1402 Ι
809 1365 1032 1401 extendentis
1048 1365 1080 1398 in
1094 1370 1167 1398 toto
1179 1364 1221 1398 ad
1235 1363 1359 1410 viginti
1374 1362 1501 1397 solidos
1514 1368 1549 1397 et
1563 1367 1700 1396 centum

240 1429 315 1475 pira
329 1429 373 1463 lie
391 1429 468 1462 Rob
489 1428 629 1474 Hyndis
646 1436 654 1463 l
672 1427 763 1461 dicto
777 1426 942 1472 magistro
959 1425 1129 1460 Nicholao
1147 1424 1274 1458 ibidem
1293 1436 1355 1470 pro
1371 1435 1407 1457 se
1424 1423 1611 1457 heredibus
1630 1421 1700 1456 suis

242 1502 302 1523 seu
322 1488 505 1534 assignatis
524 1488 693 1533 legittime
712 1486 906 1533 acceptanti
925 1485 1131 1520 deliberauit
1153 1505 1158 1511 ·
1184 1484 1321 1524 Quibus
1348 1489 1437 1518 statu
1456 1489 1491 1517 et
1509 1483 1634 1517 saisina
1652 1482 1700 1516 sic

242 1549 330 1583 datis
356 1548 510 1594 prefatus
541 1547 705 1593 magister
733 1546 924 1580 Nicholaus
951 1546 1079 1580 dictum
1106 1557 1256 1578 annuum
1282 1544 1457 1578 redditum
1482 1544 1517 1577 in
1545 1543 1700 1577 manibus

242 1609 325 1643 dicti
351 1608 469 1643 balliui
495 1608 634 1642 nomine
653 1607 800 1642 ecclesie
829 1606 1020 1653 resignauit
1042 1626 1048 1631 ·
1074 1605 1145 1645 Qui
1171 1604 1318 1638 balliuus
1345 1610 1470 1638 statum
1489 1610 1524 1638 et
1542 1603 1700 1638 saisinam

243 1669 325 1703 dicti
344 1668 447 1703 annui
467 1668 622 1703 redditus
649 1668 752 1702 michi
778 1667 913 1701 notario
941 1666 1077 1713 publico
1107 1665 1300 1711 subscripto
1326 1664 1464 1698 nomine
1483 1663 1629 1698 ecclesie
1648 1676 1700 1698 ac-

243 1729 395 1776 ceptanti
417 1728 624 1763 deliberauit
640 1737 648 1764 Ι
664 1727 897 1762 Reseruando
924 1727 988 1761 sibi
1014 1726 1180 1772 magistro
1208 1725 1379 1760 Nicholao
1404 1738 1502 1759 vsum
1528 1725 1700 1759 fructuum

243 1795 278 1824 et
304 1789 450 1823 liberum
477 1794 714 1823 tenementum
733 1801 772 1822 ac
791 1787 1051 1834 dispositionem
1079 1786 1233 1821 eiusdem
1261 1785 1502 1832 quoaduixerit
1525 1806 1530 1811 -
1555 1785 1701 1820 Presen-

243 1850 335 1884 tibus
353 1849 480 1884 ibidem
499 1849 658 1883 discretis
677 1849 761 1883 viris
784 1848 942 1894 Georgio
960 1847 1171 1883 Jamesoune
1191 1846 1326 1880 Thoma
1346 1845 1455 1881 Clerk
1479 1845 1611 1882 Jacobo
1631 1844 1701 1879 Na-

245 1910 375 1956 smytht
402 1931 408 1936 ·
436 1909 504 1944 ET
532 1909 642 1945 EGO
667 1909 847 1945 ,Iohannes
876 1907 1057 1944 Crawfurd
1082 1907 1268 1954 presbyter
1298 1906 1529 1952 Glasguensis
1555 1905 1702 1940 diocesis

244 1970 401 2017 publicus
421 1983 518 2005 sacra
535 1970 739 2005 auctoritate
761 1969 965 2017 Apostolica
982 1968 1136 2003 notarius
1189 1967 1282 2007 Quia
1302 1965 1398 2013 [eta]

246 2118 316 2182 IN
344 2148 434 2182 DEI
459 2149 598 2183 nomine
619 2150 733 2184 Amen
757 2170 763 2175 ·
788 2149 855 2183 Per
872 2148 938 2183 hoc
956 2148 1131 2195 publicum
1152 2147 1418 2182 instrumentum
1438 2145 1570 2180 cunctis
1589 2151 1704 2192 pateat

246 2209 338 2255 quod
368 2221 457 2243 anno
488 2209 732 2244 incarnationis
768 2209 953 2244 Dominice
983 2208 1165 2243 millesimo
1195 2207 1475 2254 quingentesimo
1510 2206 1702 2252 trigesimo-

247 2275 348 2303 sexto
374 2268 429 2303 die
456 2280 540 2303 vero
567 2269 804 2304 decimosexto
835 2269 963 2304 mensis
991 2269 1155 2304 Octobris
1171 2277 1180 2304 Ι
1197 2268 1237 2302 In
1264 2268 1332 2302 mei
1361 2267 1485 2302 notarii
1515 2265 1643 2312 publici
1669 2271 1704 2299 et
