1922 2764
661 265 699 299 Β.
730 265 776 300 V.
804 265 973 299 MARIE
1002 265 1069 300 ET
1098 266 1131 299 S.
1161 266 1319 301 ANNE.
1655 275 1720 305 103

265 362 313 396 sic
338 362 428 396 facta
454 362 544 396 idem
570 362 717 396 balliuus
743 375 806 409 per
833 369 926 397 terre
954 369 988 397 et
1015 362 1138 409 lapidis
1155 363 1337 398 fundorum
1358 365 1523 399 dictorum
1544 373 1719 401 tenemen-

264 428 374 456 torum
395 429 430 457 et
447 428 616 457 terrarum
639 421 887 469 [traditionem]
910 429 1035 458 statum
1054 429 1089 458 et
1107 423 1266 458 saisinam
1285 424 1512 459 hereditarios
1532 428 1720 462 eorundem

264 483 398 529 prefato
416 483 580 529 magistro
598 483 729 519 Jacobo
749 483 887 530 suisque
913 483 1100 518 heredibus
1119 489 1154 518 et
1172 484 1355 530 assignatis
1382 485 1587 520 deliberauit
1609 507 1614 512 ·
1639 487 1720 521 Pre-

265 542 420 577 sentibus
446 543 572 578 ibidem
600 543 759 578 discretis
786 544 868 578 viris
895 544 1060 591 magistro
1092 544 1267 579 Michaele
1300 545 1528 580 Huchisoune
1551 555 1560 582 Ι
1583 547 1720 581 domino

268 602 426 649 Georgio
453 603 653 637 Thomsone
679 612 688 639 l
716 603 867 638 Niniano
897 604 1015 639 Schaw
1042 610 1078 639 et
1103 605 1263 640 Johanne
1294 605 1431 640 VValcar
1463 606 1589 641 cliente
1620 628 1625 633 -
1655 607 1721 641 ET

265 663 375 698 EGO
400 663 579 699 Johannes
606 663 795 698 Moresone
818 665 1002 711 presbyter
1024 664 1257 711 Glasguensis
1276 665 1423 700 diocesis
1442 666 1599 712 publicus
1627 679 1721 702 sacra

264 723 468 758 auctoritate
488 723 693 770 Apostolica
710 724 864 758 notarius
918 724 1010 765 Quia
1031 723 1127 771 [eta]

265 872 336 936 IN
351 902 440 936 DEI
454 902 592 937 nomine
604 903 717 938 Amen
735 922 740 927 ·
762 904 900 938 Perhoc
910 905 1080 950 publicum
1091 905 1354 940 instrumentum
1365 905 1498 940 cunctis
1506 911 1623 952 pateat
1631 905 1722 951 quod

265 975 355 997 anno
373 962 617 998 incarnationis
644 964 826 998 Dominice
851 965 1031 999 millesimo
1051 965 1329 1012 quingentesimo
1348 966 1648 1013 trigesimoquinto
1667 965 1723 999 die

266 1035 350 1057 vero
367 1023 475 1058 tercia
493 1024 620 1058 mensis
637 1023 722 1059 Julii
739 1032 748 1060 l
765 1024 805 1058 In
830 1024 897 1058 mei
925 1025 1047 1059 notarii
1074 1026 1203 1072 publici
1231 1032 1266 1061 et
1292 1026 1431 1061 testium
1451 1026 1721 1073 subscriptorum

264 1084 441 1130 presentia
466 1084 696 1131 personaliter
722 1085 909 1119 constituta
931 1085 1076 1121 Besseta
1098 1087 1234 1121 Walear
1251 1095 1259 1123 1
1276 1087 1359 1121 alias
1387 1087 1475 1121 Blak
1504 1087 1611 1122 Besse
1632 1095 1724 1123 lvna

264 1143 431 1178 heredum
443 1145 614 1191 quondam
631 1145 796 1179 Willelmi
813 1145 950 1179 WValcar
969 1146 1123 1180 existens
1138 1146 1172 1180 in
1189 1153 1279 1181 statu
1295 1153 1329 1181 et
1344 1147 1469 1181 saisina
1482 1147 1601 1193 quinte
1616 1147 1723 1194 partis

265 1204 414 1238 omnium
433 1211 469 1239 et
487 1205 700 1252 singulorum
719 1211 995 1240 tenementorum
1023 1212 1058 1241 et
1082 1213 1251 1241 terrarum
1280 1208 1590 1254 suprascriptorum
1618 1208 1722 1254 perti—

265 1265 419 1300 nentium
446 1265 538 1300 dicto
565 1265 644 1300 olim
674 1265 849 1300 Willelmo
878 1266 1015 1301 XValcar
1043 1280 1103 1301 suo
1132 1268 1219 1314 patri
1247 1274 1282 1302 et
1307 1268 1458 1303 Johanni
1493 1268 1630 1302 &Valcar
1661 1280 1722 1301 suo

263 1325 360 1359 fratri
377 1334 386 1361 l
402 1325 594 1371 resignauit
610 1325 804 1360 huiusmodi
824 1332 934 1361 terras
950 1333 985 1361 et
1003 1333 1202 1362 tenementa
1222 1328 1255 1362 in
1275 1329 1430 1362 manibus
1452 1328 1589 1362 Patricii
1612 1328 1722 1362 [ione

264 1386 365 1420 vnius
394 1386 597 1420 balliuorum
625 1386 774 1421 ciuitatis
806 1387 1037 1433 Glasguensis
1065 1388 1098 1422 in
1128 1388 1281 1422 fauorem
1310 1388 1391 1423 dicti
1419 1388 1572 1435 magistri
1601 1388 1721 1423 Jacobi

267 1446 452 1482 Houstone
470 1459 533 1494 pro
551 1453 646 1482 certa
664 1460 793 1481 summa
818 1448 966 1494 pecunie
994 1448 1057 1482 sibi
1084 1461 1146 1494 per
1173 1448 1301 1483 dictum
1328 1448 1528 1494 magistrum
1554 1449 1722 1484 Jacobum

265 1507 480 1544 deliberata!
500 1508 579 1549 Qua
606 1508 841 1555 resignatione
869 1509 917 1543 sic
943 1509 1033 1543 facta
1059 1509 1149 1543 idem
1178 1510 1324 1544 balliuus
1352 1516 1477 1544 statum
1503 1516 1537 1545 et
1564 1510 1721 1544 saisinam

264 1568 492 1603 hereditarios
507 1568 597 1603 dicte
612 1569 731 1615 quinte
751 1569 857 1616 partis
875 1575 1153 1604 tenementorum
1173 1576 1208 1604 et
1225 1576 1395 1605 terrarum
1414 1571 1722 1617 suprascriptorum

264 1641 327 1674 per
344 1634 438 1663 terre
457 1635 492 1664 et
509 1629 632 1676 lapidis
650 1630 869 1664 traditionem
889 1631 1023 1676 prefato
1042 1631 1207 1677 magistro
1225 1631 1356 1666 Jacobo
1376 1632 1514 1678 suisque
1536 1632 1722 1666 heredibus

265 1695 300 1723 et
313 1689 496 1736 assignatis
515 1690 721 1725 deliberauit
743 1711 749 1716 ·
774 1690 999 1725 Presentibus
1014 1691 1140 1725 ibidem
1156 1691 1315 1725 discretis
1330 1691 1412 1725 viris
1431 1692 1595 1738 magistro
1612 1691 1720 1726 Mich-

266 1749 343 1784 aele
364 1749 569 1784 Huchisone
588 1750 727 1785 domino
749 1750 908 1797 Georgio
928 1750 1151 1786 Thomsoune
1175 1757 1210 1786 et
1232 1751 1391 1787 Johanne
1413 1752 1550 1786 Walcar
1568 1751 1694 1785 cliente
1717 1772 1721 1776 ⁴

264 1810 333 1845 ET
359 1810 468 1845 EGO
493 1811 672 1847 Johannes
698 1811 912 1846 Moresoune
934 1812 1119 1858 presbyter
1141 1811 1371 1858 Glasguensis
1390 1811 1536 1846 diocesis
1562 1811 1720 1857 publicus

265 1883 361 1905 sacra
378 1870 581 1906 auctoritate
602 1871 806 1918 Apostolica
826 1871 979 1906 notarius
1033 1871 1125 1911 Quia
1144 1869 1245 1917 [ela]

263 2021 333 2085 IN
358 2050 449 2084 DEI
476 2051 613 2085 nomine
634 2050 747 2085 Amen
771 2071 776 2076 ·
803 2049 868 2084 Per
887 2049 951 2083 hoc
975 2049 1148 2095 publicum
1166 2048 1431 2083 instrumentum
1450 2048 1582 2083 cunctis
1600 2054 1717 2095 pateat

264 2111 355 2156 quod
373 2123 463 2145 anno
482 2111 728 2146 incarnationis
748 2109 931 2144 Dominice
951 2109 1131 2143 millesimo
1149 2109 1427 2155 quingentesimo
1442 2108 1719 2155 quadragesimo-

263 2170 373 2216 primo
392 2171 447 2206 die
467 2184 550 2206 vero
569 2169 859 2218 vigesimoquinto
877 2169 1004 2204 mensis
1026 2168 1188 2203 Octobris
1205 2177 1214 2205 l
1231 2169 1270 2202 In
1294 2169 1361 2203 mei
1388 2169 1510 2203 notarii
1538 2169 1665 2216 publici
1685 2176 1720 2203 et

264 2231 403 2265 testium
432 2232 701 2278 subscriptorum
733 2231 908 2277 presentia
938 2229 1167 2276 personaliter
1195 2229 1403 2264 constitutus
1431 2229 1640 2264 honorabilis
1668 2230 1719 2263 vir

266 2290 461 2326 Willelmus
490 2291 714 2326 Henrisoune
742 2290 830 2325 alter
856 2289 1061 2325 balliuorum
1088 2289 1237 2324 ciuitatis
1265 2289 1496 2336 Glasguensis
1524 2290 1565 2324 ad
1594 2289 1718 2336 suppli-
