1922 2764
130 1282 184 1313 10.

633 237 848 272 ORDINIS
878 237 1313 274 PREDICATORUM.
1638 244 1704 276 153

240 349 388 396 pecunie
405 360 413 386 l
430 348 530 383 dictis
549 347 704 383 terminis
731 347 963 394 persoluende
981 357 989 383 s
1005 360 1068 394 per
1095 348 1308 382 sentenciam
1336 349 1705 385 excommunicacionis

241 410 284 444 de
304 410 359 445 die
379 410 412 444 in
432 409 522 444 diem
553 409 588 444 in
616 421 782 456 personas
808 414 944 443 nostras
970 409 1222 456 promulgande
1240 417 1248 445 l
1266 408 1438 455 Obligans
1465 410 1706 446 nichilominus

239 483 293 506 me
313 476 348 505 et
364 469 514 505 heredes
532 482 626 505 meos
645 470 688 504 ad
707 470 911 504 soluendum
930 470 1059 505 fabrice
1079 470 1286 505 cathedralis
1315 471 1462 506 ecclesie
1490 471 1532 506 dc
1553 472 1706 519 Ergadia

239 544 340 566 vnam
371 543 518 566 marcam
549 531 795 578 sterlingorum
827 531 1131 578 quocienscunque
1164 531 1198 565 in
1231 531 1408 566 solucione
1437 531 1528 566 dicte
1558 534 1704 579 pecunie

238 593 308 626 suis
336 592 493 627 terminis
514 601 522 628 l
543 592 577 626 in
607 598 681 627 toto
716 592 772 627 uel
807 592 842 626 in
878 599 976 640 parte
998 601 1006 628 l
1027 591 1190 627 defecero
1211 592 1297 628 luel
1333 592 1483 627 heredes
1514 593 1580 627 mei
1612 593 1705 628 defe-

238 653 350 688 cerint
366 662 374 689 Ι
391 653 424 688 in
451 653 603 688 futurum
626 675 633 681 ·
657 653 704 688 Et
722 654 763 688 ad
790 653 954 688 maiorem
983 653 1083 688 huius
1109 653 1161 688 rei
1189 653 1410 688 securitatem
1438 666 1477 688 ac
1502 660 1703 700 perpetuam

237 715 538 750 confirmacionem
564 723 573 751 l
599 715 750 761 sigillum
777 728 890 749 meum
917 727 985 749 vna
1013 727 1088 749 cum
1117 714 1231 762 sigillo
1261 714 1471 749 venerabilis
1498 715 1605 761 patris
1633 715 1705 749 Do-

237 776 320 810 mini
356 776 503 812 Andree
538 776 610 812 Dei
645 777 762 823 gracia
793 782 875 811 tunc
907 776 1073 823 Episcopi
1106 775 1260 822 Ergadie
1287 784 1295 811 l
1321 775 1364 810 ad
1399 788 1512 810 meum
1547 782 1703 822 rogatum

236 837 458 884 presentibus
478 843 532 873 est
550 850 738 885 appensum
757 846 765 874 1
782 838 913 872 Datum
932 837 1024 885 apud
1042 843 1190 872 castrum
1210 850 1322 872 meum
1343 836 1575 884 supradictum
1591 837 1624 871 in
1643 837 1705 871 Er-

237 899 339 945 gadia
360 907 369 934 l
390 898 477 933 feria
508 905 608 934 sexta
637 898 726 933 infra
759 905 899 934 octauas
933 898 1048 934 Sancti
1081 898 1228 933 Martini
1256 898 1289 932 in
1323 898 1448 945 hyeme
1471 907 1478 932 l
1498 898 1603 933 Anno
1633 899 1705 933 Do-

237 959 319 994 mini
342 981 348 986 ·
372 964 418 994 m⁰
440 981 446 987 ·
469 963 541 995 ccc⁰
558 969 566 996 l
582 960 868 1007 quartodecimo!

239 1144 345 1179 Carta
366 1144 475 1191 Regis
497 1145 643 1179 Roberti
662 1145 705 1180 de
728 1166 733 1171 ·
757 1157 804 1179 xx
827 1166 832 1171 ·
856 1144 978 1179 marcis
997 1139 1045 1178 de
1059 1144 1166 1178 firmis
1186 1144 1229 1178 dc
1252 1144 1391 1178 Cadiow
1416 1165 1421 1169 -

236 1242 437 1309 Robertus
456 1273 527 1308 Dei
546 1274 663 1321 gracia
694 1273 773 1308 Rex
795 1274 990 1309 Scottorum
1015 1295 1020 1299 -
1046 1272 1217 1308 Omnibus
1244 1273 1362 1320 probis
1380 1272 1574 1307 hominibus
1594 1273 1704 1307 tocius

236 1343 329 1371 terre
341 1348 402 1371 sue
420 1344 428 1372 l
445 1335 589 1370 salutem
608 1343 616 1371 l
635 1335 758 1370 Sciatis
774 1348 837 1369 nos
851 1347 914 1382 pro
930 1335 1040 1369 salute
1052 1334 1164 1369 anime
1177 1340 1294 1368 nostre
1312 1343 1321 1370 l
1338 1340 1373 1368 ot
1388 1333 1498 1368 salute
1514 1333 1703 1368 animarum

235 1397 386 1432 omnium
400 1402 659 1432 antecessorum
675 1402 711 1431 et
725 1409 962 1431 successorum
979 1405 1175 1430 nostrorum
1194 1395 1330 1442 Regum
1354 1395 1473 1430 Scocie
1491 1404 1499 1431 l
1516 1395 1703 1442 diuineque

234 1459 372 1506 pietatis
390 1458 518 1493 intuitu
544 1458 684 1493 dedisse
703 1458 918 1493 concessisse
942 1479 947 1484 ·
971 1464 1007 1492 et
1033 1457 1097 1492 hac
1128 1456 1283 1504 presenti
1311 1462 1406 1491 carta
1436 1452 1555 1491 no'stra
1581 1457 1703 1491 confir-

233 1533 344 1555 masse
366 1541 372 1546 ·
397 1519 576 1554 Fratribus
597 1519 879 1554 Predicatoribus
898 1519 941 1554 de
965 1519 1102 1566 Glasgu
1128 1518 1349 1565 presentibus
1369 1524 1404 1552 et
1420 1518 1546 1552 futuris
1564 1518 1702 1552 nomine

233 1581 323 1616 (lotis
342 1581 490 1616 ecclesie
510 1581 702 1616 eorundem
731 1593 794 1628 pro
822 1580 1080 1615 sustentacione
1108 1579 1286 1614 luminaris
1314 1579 1461 1614 ecclesie
1489 1579 1663 1614 antcclictc
1694 1588 1702 1614 l

234 1650 269 1677 ct
287 1643 362 1678 aliis
381 1643 544 1690 operibus
562 1643 605 1677 ad
624 1642 780 1677 diuinum
799 1642 928 1677 cultum
958 1641 1195 1688 spectantibus
1218 1661 1224 1667 ι
1247 1640 1371 1685 viginti
1390 1652 1521 1674 marcas
1541 1640 1702 1686 sterling-

234 1716 331 1738 orum
349 1704 526 1738 habendas
545 1710 581 1738 et
606 1703 849 1751 percipiendas
877 1703 1007 1737 eisdem
1035 1702 1217 1736 Fratribus
1237 1708 1272 1736 et
1299 1714 1417 1736 eorum
1446 1701 1702 1736 successoribus

234 1764 268 1797 in
288 1770 494 1810 perpetuum
513 1765 556 1799 de
576 1764 682 1798 firmis
700 1764 829 1798 nostris
848 1764 891 1798 de
919 1762 1060 1799 Cadiow
1087 1763 1121 1796 in
1141 1762 1231 1796 valle
1251 1762 1294 1797 cle
1315 1762 1429 1797 Clude
1448 1762 1490 1796 ad
1518 1762 1604 1796 duos
1622 1762 1702 1796 anni

234 1824 400 1859 terminos
417 1834 425 1861 Ι
442 1825 607 1860 videlicet
628 1834 636 1861 Ι
658 1825 777 1859 decem
811 1825 853 1859 ad
884 1824 1027 1859 Festum
1063 1823 1291 1858 Pentecostes
1308 1832 1316 1859 l
1333 1830 1368 1858 et
1396 1823 1480 1857 alias
1507 1823 1627 1858 decem
1660 1824 1702 1858 ad

234 1884 376 1919 Festum
398 1885 514 1920 Sancti
534 1885 679 1920 Martini
698 1885 732 1919 in
751 1885 876 1931 hyeme
900 1905 906 1911 ·
930 1885 1078 1919 termino
1105 1885 1214 1931 prime
1243 1884 1428 1919 solucionis
1452 1884 1640 1931 incipiente
1660 1885 1701 1919 affl

234 1945 375 1980 Festum
409 1945 652 1989 [Pentecostes
675 1967 680 1972 ·
704 1944 793 1990 anni]
819 1946 936 1992 gracie
960 1967 966 1971 -
989 1944 1030 1979 mi
1052 1966 1058 1971 ·
1081 1943 1148 1979 ccci
1171 1966 1176 1970 -
1200 1943 1254 1978 xvi
1277 1966 1282 1971 -
1308 1945 1427 1985 Quare
1447 1944 1591 1979 firmiter
1609 1958 1700 1980 man—

233 2007 352 2041 damus
372 2012 407 2041 et
424 2007 634 2054 precipimus
651 2007 789 2041 balliuis
816 2006 944 2040 nostris
972 2006 1015 2040 de
1045 2005 1186 2040 Cadiow
1205 2005 1262 2052 qui
1288 2018 1350 2052 pro
1370 2011 1526 2052 tempore
1544 2006 1674 2041 fuerint
1696 2029 1700 2033 ·

233 2068 323 2115 quod
351 2066 485 2114 d[ictas]
507 2067 655 2115 vigi[nti]
679 2081 809 2102 marcas
836 2067 966 2102 eisdem
995 2066 1175 2101 Fratribus
1203 2072 1239 2101 et
1271 2079 1389 2101 eorum
1420 2067 1702 2114 procuratoribus

233 2129 408 2164 annuatim
426 2129 629 2176 persoluant
643 2129 686 2164 ad
705 2129 872 2163 terminos
892 2127 1107 2175 supradictos
1129 2148 1135 2153 ·
1160 2127 1206 2162 Et
1220 2127 1302 2174 quid
1318 2127 1352 2161 in
1367 2127 1432 2161 hoc
1447 2127 1672 2174 apposuerint
1693 2138 1701 2164 Ι

234 2191 283 2225 eis
313 2191 347 2224 in
368 2190 547 2238 [compotis
569 2190 735 2237 ipsorum]
754 2189 891 2237 plenius
917 2189 1075 2223 volumus
1105 2188 1244 2223 allocari
1275 2209 1281 2214 ·
1314 2188 1354 2222 In
1395 2188 1492 2223 cuius
1521 2189 1571 2222 rei
1606 2189 1702 2223 testi<

233 2252 384 2286 monium
402 2251 558 2298 presenti
578 2258 672 2286 carte
691 2257 810 2286 nostre
826 2250 975 2297 sigillum
995 2256 1152 2284 nostrum
1169 2249 1389 2297 precepimus
1408 2249 1532 2296 apponi
1556 2271 1562 2276 -
1587 2249 1701 2285 Testi—

234 2314 297 2348 bus
314 2322 322 2349 l
339 2313 512 2348 Edwardo
535 2313 578 2348 de
606 2313 696 2347 Brus
713 2320 721 2348 l
738 2311 862 2347 comite
890 2312 933 2346 de
963 2311 1098 2358 Carryc
1114 2319 1122 2346 l
1140 2317 1175 2346 et
1201 2311 1339 2345 domino
1370 2311 1553 2357 Galwydie
1571 2320 1579 2347 l
1595 2311 1701 2346 fratre

960 2382 978 2401 U
