1922 2764
215 281 281 312 134
532 277 687 312 LIBER
713 276 962 313 ECCLESIE
992 277 1332 313 COLLEGIATE

209 402 281 467 IN
307 432 398 467 DEI
424 433 561 468 nomine
581 433 697 468 Amen
719 453 726 460 ·
750 433 818 467 Per
835 433 901 467 hoc
924 432 1098 479 publicum
1116 431 1383 465 instrumentum
1401 431 1534 465 cunctis
1552 437 1670 478 pateat

210 493 302 539 quod
320 506 410 528 anno
428 493 674 528 incarnationis
693 493 877 527 Dominice
896 493 1077 527 millesimo
1095 491 1374 538 quingentesimo
1393 492 1669 538 quadragesimo-

210 559 333 588 octauo
351 554 407 588 die
426 567 509 589 vero
527 554 718 601 penultimo
736 553 864 588 mensis
884 552 1064 587 Februarii
1081 560 1089 587 Ι
1106 552 1147 586 In
1166 552 1233 586 mei
1252 552 1376 586 notarii
1402 552 1529 599 publici
1549 558 1584 587 et
1601 558 1669 587 tes-

210 613 294 648 tium
322 614 592 661 subscriptorum
618 613 794 660 presentia
821 612 1050 659 personaliter
1078 611 1286 646 constitutus
1304 612 1513 646 venerabilis
1540 612 1592 647 vir
1610 613 1669 647 do-

210 674 322 708 minus
341 674 515 709 Martinus
536 674 627 708 Reid
641 682 649 710 l
663 673 860 720 capellanus
875 672 992 707 altaris
1013 672 1130 707 Sancti
1147 672 1354 707 Christofori
1368 672 1459 707 intra
1476 673 1669 707 Ecclesiam

212 734 516 780 Metropolitanam
539 734 795 780 Glasguensem
814 732 947 767 fundati
964 741 972 768 Ι
989 732 1144 767 existens
1170 733 1204 766 in
1230 738 1320 767 statu
1339 739 1374 767 et
1392 732 1516 767 saisina
1533 732 1669 767 heredi-

210 795 305 829 tariis
324 801 493 829 terrarum
511 795 687 829 domorum
707 800 742 828 et
760 805 951 827 annuorum
970 793 1166 827 reddituum
1189 792 1457 839 subscriptarum
1480 792 1669 839 jacentium

211 855 246 889 in
277 855 416 890 ciuitate
447 854 660 900 Glasguensi
687 859 722 888 et
747 853 923 888 territorio
951 853 1105 888 eiusdem
1131 872 1137 877 ·
1168 853 1330 900 Inprimis
1356 853 1456 887 vnius
1487 852 1669 887 anterioris

212 915 332 949 domus
351 915 423 949 siue
442 914 632 949 tenementi
651 914 796 961 tegulati
814 914 1003 948 constructi
1022 920 1058 948 et
1076 913 1224 948 edificati
1243 926 1305 960 per
1323 913 1434 960 ipsum
1452 913 1643 947 Martinum
1659 922 1668 949 Ι

207 975 355 1021 jacentis
382 976 415 1009 in
444 975 535 1009 dicta
561 974 701 1009 ciuitate
733 974 825 1008 inter
856 980 966 1008 terras
992 973 1162 1010 Johannis
1193 973 1303 1019 Mayn
1331 986 1375 1008 ex
1403 972 1607 1007 occidentali
1634 978 1670 1007 et

211 1042 322 1070 terras
341 1035 420 1069 olim
441 1035 605 1069 Willelmi
627 1034 790 1069 Salmond
809 1047 853 1069 ex
872 1034 1031 1069 orientali
1050 1034 1205 1081 partibus
1227 1054 1233 1060 ·
1256 1034 1346 1068 Item
1364 1033 1573 1079 trigintasex
1591 1033 1669 1068 soli-

212 1096 333 1129 dorum
359 1096 462 1129 annui
489 1095 645 1130 redditus
664 1095 707 1129 de
726 1101 927 1130 tenemento
946 1095 1117 1141 quondam
1138 1094 1304 1129 Willelmi
1325 1093 1487 1129 Gardnar
1506 1094 1669 1140 contigue

211 1155 391 1190 adiacente
410 1168 454 1190 ex
473 1162 571 1202 parte
595 1155 780 1202 posteriori
802 1155 997 1189 huiusmodi
1016 1155 1199 1190 anterioris
1217 1155 1408 1189 tenementi
1425 1163 1434 1190 Ι
1451 1154 1540 1188 inter
1559 1160 1669 1188 terras

211 1216 394 1250 anterioris
420 1216 611 1250 tenementi
638 1228 684 1250 ex
709 1215 841 1250 boreali
868 1222 903 1250 et
929 1222 1039 1250 terras
1058 1216 1229 1262 quondam
1258 1215 1405 1250 Roberti
1431 1214 1600 1261 Fawsyde
1625 1226 1669 1248 ex

211 1276 352 1310 australi
369 1276 524 1323 partibus
546 1297 552 1302 ·
576 1276 664 1311 Item
683 1277 783 1311 vuius
803 1276 901 1323 pecie
921 1283 1017 1311 vaste
1044 1284 1137 1311 terre
1163 1276 1310 1322 jacentis
1334 1275 1490 1310 similiter
1509 1287 1554 1309 ex
1571 1280 1669 1321 parte

210 1336 393 1382 posteriori
413 1336 495 1370 dicti
514 1336 696 1371 anterioris
715 1337 906 1371 tenementi
924 1337 1015 1371 inter
1033 1337 1214 1383 gawallum
1232 1344 1240 1372 l
1256 1336 1300 1371 lie
1319 1336 1425 1383 gavill
1441 1344 1450 1371 Ι
1467 1335 1668 1382 Margarete

214 1397 366 1430 Armour
386 1409 431 1431 ex
448 1397 577 1431 boreali
596 1405 604 1432 l
621 1403 657 1431 et
673 1409 779 1431 vnum
797 1409 931 1431 murum
946 1397 1012 1431 orti
1031 1397 1113 1431 dicti
1132 1396 1322 1431 tenementi
1337 1409 1381 1431 ex
1399 1395 1539 1430 australi
1556 1403 1564 1430 Ι
1581 1407 1669 1429 com-

211 1469 349 1491 munem
368 1457 538 1491 venellam
557 1469 624 1502 que
644 1457 738 1491 ducit
756 1457 798 1491 ad
817 1463 1007 1491 torrentem
1026 1457 1261 1503 Malyndonar
1280 1469 1326 1490 ex
1343 1455 1548 1490 occidentali
1566 1455 1669 1502 parti-

212 1517 275 1551 bus
297 1537 302 1542 ·
327 1517 415 1551 Item
442 1516 637 1562 quindecim
664 1517 852 1551 solidorum
882 1517 987 1551 annui
1017 1517 1173 1551 redditus
1200 1517 1244 1552 de
1271 1522 1471 1551 tenemento
1498 1515 1669 1562 quondam

214 1577 365 1623 Angusii
383 1577 593 1623 Goldsmyth
612 1577 647 1610 in
668 1577 757 1611 Vico
776 1577 965 1611 Furcarum
981 1586 990 1613 Ι
1006 1577 1097 1612 inter
1115 1583 1226 1612 terras
1240 1576 1411 1623 quondam
1431 1575 1525 1610 Petri
1542 1575 1669 1621 Colqu-

211 1637 302 1671 hone
322 1649 366 1671 ex
385 1636 543 1671 orientali
563 1642 598 1671 et
615 1643 726 1671 terras
745 1638 916 1683 quondam
936 1637 1053 1672 Dauid
1071 1637 1248 1672 Menteith
1263 1649 1307 1671 ex
1325 1636 1530 1671 occidentali
1552 1656 1557 1662 ·
1581 1636 1670 1670 Item

213 1697 313 1731 vnius
331 1697 521 1731 tenementi
548 1697 730 1731 anterioris
750 1704 786 1732 et
810 1697 1013 1744 posterioris
1032 1711 1108 1732 cum
1127 1704 1202 1732 orto
1221 1704 1256 1732 et
1277 1697 1496 1744 pertinentiis
1515 1696 1670 1731 eiusdem

210 1757 357 1803 jacentis
373 1757 407 1791 in
423 1757 513 1791 Vico
533 1757 720 1792 Furcarum
737 1766 746 1794 l
763 1758 853 1792 inter
872 1764 982 1792 terras
998 1758 1169 1805 quondam
1188 1758 1334 1792 Andree
1355 1757 1438 1792 Hall
1453 1769 1499 1791 ex
1512 1757 1670 1791 occiden—

212 1818 271 1852 tali
290 1824 325 1852 et
343 1824 453 1852 terras
468 1818 639 1864 quondam
653 1818 775 1854 Jacobi
791 1819 947 1853 VVilsone
963 1831 1009 1853 ex
1027 1818 1185 1853 orientali
1207 1839 1213 1845 ·
1237 1818 1326 1853 Item
1344 1818 1464 1852 decem
1483 1817 1670 1852 solidorum

213 1878 317 1912 annui
347 1878 504 1912 redditus
530 1878 573 1912 de
602 1884 802 1913 tenemento
831 1878 1027 1913 Alexandri
1057 1879 1188 1925 Stevyn
1217 1879 1356 1925 jacente
1382 1878 1418 1912 in
1445 1878 1567 1912 eodem
1593 1878 1670 1912 vico

214 1938 304 1971 inter
331 1945 441 1972 terras
468 1937 550 1972 dicti
569 1938 648 1972 olim
672 1938 794 1974 Jacobi
815 1939 995 1974 Wilsoune
1023 1952 1069 1974 ex
1094 1939 1299 1974 occidentali
1318 1945 1353 1974 et
1371 1945 1481 1974 terras
1499 1938 1670 1985 quondam

213 1997 382 2033 Johannis
402 1997 523 2032 Lovke
543 2011 588 2032 ex
606 1998 765 2033 orientali
787 2020 793 2026 ·
817 1999 906 2034 Item
929 2012 992 2034 sex
1011 2000 1197 2034 solidorum
1216 1999 1319 2034 annui
1338 1999 1494 2034 redditus
1513 1999 1555 2032 de
1574 2004 1670 2032 tene-

215 2063 331 2092 mento
357 2058 440 2092 dicti
467 2058 546 2092 olim
569 2059 738 2094 Johannis
765 2059 896 2094 Lowke
919 2060 1058 2106 jacente
1086 2060 1121 2094 in
1148 2060 1240 2094 dicto
1265 2059 1341 2094 vico
1367 2065 1461 2093 trans
1479 2063 1670 2093 torrentem

215 2117 449 2162 Malyndonar
474 2109 599 2153 linter
626 2125 736 2153 terras
763 2120 935 2166 quondam
962 2120 1080 2154 Dauid
1109 2120 1214 2154 Knox
1241 2132 1286 2154 ex
1313 2119 1472 2154 orientali
1499 2125 1534 2153 et
1560 2125 1669 2156 terras

216 2177 386 2223 quondam
407 2177 572 2223 Stephani
590 2178 726 2225 Louyss
741 2192 785 2214 ex
800 2180 1004 2214 occidentali
1022 2180 1177 2226 partibus
1193 2201 1199 2206 ·
1219 2180 1305 2215 Item
1322 2179 1422 2214 vnius
1437 2178 1552 2213 horrei
1568 2188 1577 2214 Ι
1593 2191 1669 2213 cum

217 2236 365 2271 dimedia
379 2249 457 2271 acra
470 2243 563 2272 terre
578 2239 741 2285 contigue
757 2240 868 2274 eidem
883 2240 1062 2275 adiacente
1076 2240 1241 2286 [jacentis
1255 2240 1290 2274 in
1306 2239 1431 2286 Longa
1445 2239 1566 2274 Crofta
1579 2238 1670 2272 inter

217 2303 327 2331 terras
353 2297 474 2332 Jacobi
502 2297 650 2333 Brovme
670 2311 715 2333 ex
734 2300 939 2334 occidentali
957 2306 992 2335 et
1009 2307 1119 2335 terras
1138 2300 1308 2346 quondam
1329 2299 1493 2334 Willelmi
1514 2298 1667 2344 W'ylkyn
