1922 2764
599 271 639 304 Β.
668 270 714 304 V.
744 269 912 304 MARIE
941 270 1008 304 ET
1038 270 1072 305 S.
1103 270 1261 306 ANNE.
1639 278 1659 308 5

201 367 391 414 suspitione
410 380 529 403 carere
548 368 776 415 comperimus
821 367 935 402 Idciro
955 367 997 402 ad
1016 368 1139 414 prefati
1159 368 1314 415 magistri
1332 369 1453 404 Jacobi
1474 371 1661 406 subdecani

201 428 402 463 vlteriorem
421 429 618 464 instantiam
637 435 673 463 et
690 428 950 475 requisitionem
978 427 1174 462 huiusmodi
1192 428 1429 463 fundationem
1450 431 1660 465 erectionem

202 495 237 524 et
256 489 467 524 dotationem
485 502 547 536 per
566 489 736 524 notarium
763 489 937 536 publicum
957 488 1187 536 subscriptum
1208 489 1354 523 scribam
1374 496 1533 524 nostrum
1553 498 1662 526 trans-

201 550 287 585 sumi
306 550 490 585 transcribi
508 550 637 598 copiari
655 550 823 598 publicari
842 556 876 584 et
894 550 928 584 in
948 549 1119 597 publicam
1138 550 1364 596 transsumpti
1385 563 1446 584 scu
1465 552 1661 598 transcripti

200 611 342 646 formam
369 611 482 658 redigi
508 611 745 646 mandauimus
765 616 800 646 et
827 611 968 645 fecimus
1020 610 1068 645 Et
1084 610 1280 645 huiusmodi
1304 610 1540 646 fundationem
1569 625 1662 646 erec-

201 673 329 707 tionem
349 678 385 706 et
403 671 613 706 dotationem
644 671 694 719 [in
722 671 878 718 presenti
905 669 1079 718 regestro]
1110 671 1239 718 imponi
1261 671 1479 706 decreuimus
1531 671 1662 706 Volen-

201 739 323 780 tesque
343 739 379 768 et
397 733 601 767 auctoritate
626 739 745 768 nostra
768 732 942 767 ordinaria
959 738 995 767 et
1017 731 1199 779 judiciaria
1217 732 1449 766 decernentes
1468 732 1560 778 quod
1586 745 1662 779 pre-

202 794 359 828 sentibus
386 793 510 828 litteris
539 793 611 828 siue
638 793 794 840 presenti
813 793 950 840 publico
969 793 1199 827 instrumento
1218 798 1452 839 transsumpto
1474 806 1535 827 seu
1555 799 1662 828 trans-

202 854 312 901 cripto
339 860 375 889 et
401 867 478 889 cum
509 854 601 889 dicta
629 854 812 901 principali
838 854 1039 888 fundatione
1068 854 1244 888 erectione
1273 859 1308 888 ct
1338 853 1515 888 dotatione
1546 854 1662 888 debite

201 915 392 951 auscultato
417 916 518 950 detur
543 921 578 950 ct
602 915 805 950 adhibeatur
820 925 826 952 J
842 915 1005 950 decetero
1025 920 1060 949 et
1078 915 1217 949 inantea
1233 914 1268 949 in
1294 914 1425 961 judicio
1453 920 1488 949 et
1507 921 1606 949 extra
1624 928 1662 950 ac

200 976 326 1023 vbique
354 976 506 1011 locorum
535 982 570 1011 et
597 982 765 1011 terrarum
782 987 787 1011 s
803 976 958 1023 plenaria
984 982 1020 1011 et
1045 975 1239 1010 indubitata
1256 975 1343 1010 fides
1362 988 1400 1010 ac
1418 975 1496 1010 talis
1515 982 1550 1010 et
1568 982 1663 1011 tanta

201 1037 312 1084 qualis
333 1043 368 1072 et
385 1043 513 1084 quanta
538 1037 680 1072 daretur
698 1043 734 1072 et
755 1037 978 1072 adhiberetur
997 1037 1088 1072 dicte
1115 1036 1295 1084 principali
1319 1036 1512 1071 fundationi
1538 1037 1564 1070 si
1590 1037 1663 1084 ipsa

200 1097 235 1132 in
254 1098 403 1133 medium
422 1098 674 1145 produceretur
719 1097 856 1139 Quibus
871 1098 1028 1132 omnibus
1044 1103 1079 1132 et
1093 1097 1238 1144 singulis
1257 1097 1306 1132 sic
1319 1097 1418 1132 factis
1433 1103 1467 1132 et
1482 1097 1514 1131 in
1531 1097 1661 1143 judicio

201 1159 384 1194 celebratis
406 1164 559 1194 nostrum
579 1172 618 1194 ac
637 1159 728 1194 dicte
753 1164 871 1194 nostre
896 1159 990 1194 curie
1010 1158 1256 1193 consistorialis
1276 1157 1514 1193 auctoritatem
1539 1158 1661 1204 judici-

201 1220 304 1255 ariam
323 1220 483 1255 duximus
502 1220 793 1267 interponendum
818 1219 1086 1267 interposuimus
1104 1225 1296 1266 tenoreque
1324 1219 1536 1265 presentium
1557 1219 1661 1253 inter-

200 1280 357 1327 ponimus
377 1281 506 1328 pariter
525 1286 560 1315 et
577 1280 755 1315 decretum
772 1292 777 1318 s

201 1391 346 1436 Tmou
364 1402 497 1449 prefate
516 1402 728 1437 fundationis
747 1402 933 1437 erectionis
953 1409 988 1437 et
1006 1403 1192 1438 dotationis
1211 1403 1344 1450 prefate
1365 1403 1524 1438 Ecclesie
1545 1403 1659 1438 Colle-

199 1463 292 1509 giate
320 1463 429 1498 Beate
457 1463 571 1499 Marie
590 1463 750 1511 Virginis
778 1470 813 1499 et
841 1463 945 1499 Anne
972 1464 1090 1499 matris
1117 1464 1190 1499 eius
1218 1464 1342 1499 situate
1370 1464 1460 1498 infra
1486 1463 1659 1499 ciuitatem

204 1523 459 1571 Glasguensem
488 1525 522 1559 in
552 1525 710 1572 sequenti
735 1525 818 1560 folio
846 1526 1001 1572 sequitur
1016 1536 1022 1563 J
1038 1525 1202 1560 videlicet
1218 1536 1223 1562 s
1240 1525 1427 1560 Vniuersis
1452 1530 1487 1560 et
1514 1525 1659 1572 singulis

201 1591 268 1621 etc.
