1922 2764
90 1595 161 1631 viii.

654 200 829 236 CARTE
860 199 1250 236 GLASGUENSES.
1616 206 1687 242 239

223 311 296 346 siue
316 311 506 346 manerium
524 310 559 345 in
577 310 655 346 vico
682 311 725 345 de
754 310 972 345 Ratownraw
995 311 1170 357 jacentem
1193 332 1198 338 ·
1222 311 1313 345 inter
1331 317 1457 346 terrain
1478 312 1577 346 aliam
1605 312 1688 347 dicti

222 371 538 408 dominiJohannis
556 372 600 406 de
631 371 781 418 Dalgles
813 384 858 406 ex
888 378 986 418 parte
1019 371 1177 407 orientali
1202 393 1208 398 ·
1231 378 1267 406 et
1298 378 1410 407 ortum
1441 373 1523 408 dicti
1556 373 1685 420 dominj

223 433 356 480 Rogeri
375 433 418 468 de
436 433 470 468 le
488 432 661 479 Denesyd
689 445 735 467 ex
760 438 858 479 parte
878 432 1084 467 occidentali
1110 432 1145 466 in
1165 433 1268 467 feodo
1287 438 1322 467 et
1348 433 1543 468 hereditate
1562 434 1687 480 imper-

219 499 362 540 petuum
381 493 549 528 soluendo
567 493 660 527 dicto
680 493 818 527 domino
836 492 987 540 Johannj
1008 493 1051 528 de
1078 493 1228 540 Dalgles
1248 499 1326 528 octo
1346 507 1476 529 marcas
1493 503 1502 531 l
1519 501 1554 529 et
1573 495 1686 530 dictus

218 553 398 590 Johannes
425 553 551 588 Brown
570 553 717 588 clericus
744 553 887 588 habebit
913 566 1081 589 cameram
1113 554 1148 588 in
1179 559 1256 589 orto
1287 554 1364 601 plus
1395 555 1524 589 obitum
1557 555 1684 602 dominj

219 615 388 651 Johannis
409 614 533 649 Schort
551 614 712 649 auunculi
732 614 784 649 sui
802 614 836 648 in
856 620 929 649 toto
948 620 1105 662 tempore
1125 614 1207 649 dicti
1222 615 1352 649 domini
1373 615 1505 662 Rogeri
1525 622 1561 650 et
1579 622 1685 650 totam

218 675 432 710 mansionem
461 675 539 722 plus
571 675 645 710 eius
677 675 806 710 obitum
839 681 874 710 et
902 675 1121 722 persolueret
1150 688 1301 710 annuum
1332 676 1507 711 redditum
1539 676 1687 723 singulis

219 736 317 771 annis
336 736 474 771 vicariis
491 736 767 771 ministrantibus
789 736 824 770 in
851 736 956 771 choro
979 736 1193 783 Glasguensi
1216 757 1222 763 ·
1246 736 1411 772 videlicet
1433 758 1439 763 -
1462 751 1483 771 v
1503 737 1631 772 solidos
1651 744 1687 772 et

218 797 240 844 ij
260 797 421 832 denarios
444 818 450 824 ·
473 797 521 832 Et
539 797 662 832 eodem
680 797 737 832 die
757 797 915 832 saisinam
941 803 1153 844 acceperunt
1178 797 1261 832 dicti
1280 797 1440 832 dominus
1460 799 1623 845 Rogerus
1651 806 1687 834 et

217 858 397 894 Johannes
415 858 564 893 Browne
582 864 662 905 post
688 858 871 905 prandium
895 879 901 885 -
924 871 986 905 per
1013 871 1133 893 manus
1160 858 1278 893 balliui
1306 858 1442 894 Thome
1471 859 1614 894 Ricardi
1641 860 1684 895 (le

218 919 318 954 dictis
337 919 440 954 terris
459 919 507 954 sic
526 919 576 954 eis
591 919 678 954 datis
697 932 760 966 per
779 919 908 954 dictum
923 919 1098 954 dominum
1111 919 1307 956 Johannem
1327 920 1370 954 de
1390 920 1540 967 Dalgles
1562 941 1568 947 ·
1593 921 1687 956 Acta

216 980 360 1015 fuerunt
384 980 450 1015 hec
470 999 476 1006 ·
500 980 665 1015 videlicet
691 980 800 1027 prima
831 980 1016 1015 concordia
1046 987 1126 1015 ante
1156 993 1319 1027 magnum
1350 980 1503 1016 hostium
1538 982 1686 1017 ecclesie

221 1041 453 1088 Glasguensis
473 1053 519 1076 ex
536 1047 635 1088 parte
654 1041 795 1076 australi
817 1062 823 1068 ·
847 1047 883 1076 et
901 1041 992 1076 dicta
1010 1041 1148 1088 saysina
1175 1041 1208 1075 in
1229 1041 1330 1076 dictis
1358 1041 1461 1076 terris
1483 1063 1490 1069 -
1512 1042 1684 1089 presenti-

217 1102 280 1136 bus
299 1102 333 1136 in
352 1101 462 1149 prima
480 1101 664 1137 concordia
689 1101 827 1136 domino
853 1101 1014 1137 Johanne
1042 1102 1085 1136 de
1115 1102 1296 1137 Restouna
1322 1103 1530 1149 presbytero
1550 1108 1586 1138 et
1607 1103 1683 1138 Gil—

216 1163 316 1198 berto
334 1163 378 1198 de
398 1163 482 1197 Dun
501 1163 678 1209 burgense
698 1163 741 1197 de
764 1162 900 1209 Glasgu
922 1183 928 1189 ·
950 1162 1173 1209 presentibus
1192 1163 1226 1197 in
1246 1163 1337 1198 dicta
1355 1164 1494 1211 saysina
1516 1164 1682 1211 magistro

215 1223 377 1259 Johanne
397 1223 529 1258 Leiche
548 1229 584 1258 et
604 1223 710 1258 Paulo
732 1222 886 1258 Scissore
906 1235 981 1257 cum
1001 1223 1117 1258 multis
1146 1223 1222 1270 alijs
1242 1224 1391 1259 testibus
1415 1246 1420 1251 -
1446 1224 1622 1260 Willelmo
1641 1226 1684 1260 de

220 1284 349 1320 Gouan
368 1284 495 1320 clerico
517 1284 749 1331 Glasguensis
768 1284 916 1319 diocesis
933 1284 1068 1319 notario
1087 1285 1225 1332 publico
1248 1306 1253 1312 ·

216 1471 488 1506 Instrumentum
507 1471 722 1506 vendicionis
741 1471 932 1506 tenementi
953 1470 1120 1505 Willelmi
1138 1470 1309 1507 Johannis

213 1564 285 1630 IN
312 1596 383 1631 Dei
402 1596 540 1631 nomine
561 1596 677 1631 Amen
708 1609 770 1643 per
789 1596 853 1630 hoc
870 1596 1139 1631 instrumentum
1158 1602 1275 1643 pateat
1294 1596 1387 1643 quod
1413 1609 1503 1631 anno
1522 1609 1541 1631 a
1559 1597 1682 1631 natiui-

212 1661 283 1690 tate
303 1656 457 1691 eiusdem
489 1660 535 1691 m⁰
566 1660 682 1691 cccc¹³¹⁰
700 1656 799 1703 xviij⁰
818 1657 874 1691 die
905 1669 991 1691 uero
1009 1657 1173 1692 vicesimo
1192 1657 1302 1704 primo
1321 1657 1450 1692 mensis
1470 1657 1680 1693 Decembris

212 1716 253 1750 In
271 1717 339 1751 mei
357 1717 480 1763 notarij
500 1717 628 1764 publici
648 1723 683 1752 et
701 1717 840 1752 testium
857 1718 1127 1765 subscriptorum
1147 1718 1330 1765 presencia
1348 1719 1580 1764 personaliter
1598 1732 1681 1754 con-

212 1776 351 1811 stitutus
379 1777 545 1823 prouidus
563 1777 616 1812 vir
636 1777 832 1813 Willelmus
849 1778 1020 1814 ,Iohannis
1038 1778 1224 1825 burgensis
1247 1779 1479 1825 Glasguensis
1499 1780 1679 1815 confessus

210 1836 274 1870 fuit
292 1849 329 1871 se
347 1837 546 1872 vendidisse
577 1838 725 1873 honesto
744 1838 818 1872 viro
836 1839 988 1874 Johanni
1010 1839 1105 1885 Vrry
1125 1845 1207 1874 tunc
1239 1840 1395 1886 presenti
1415 1846 1450 1874 et
1480 1840 1681 1875 huiusmodi

210 1896 463 1931 confessionem
493 1898 683 1944 postulanti
715 1911 818 1933 vnum
850 1905 1087 1934 tenamentum
1120 1912 1198 1934 cum
1229 1900 1456 1947 pertinenciis
1492 1901 1613 1948 jacens
1645 1902 1680 1937 in

209 1957 301 1992 dicto
327 1958 439 2004 burgo
461 1956 675 2005 Glasguensi
701 1959 735 1992 in
755 1960 832 1994 vico
851 1959 909 2006 qui
936 1960 1095 1994 extendit
1122 1960 1164 1994 ab
1184 1960 1344 1995 Ecclesia
1364 1961 1407 1995 ad
1428 1961 1578 1997 Crucem
1597 1962 1680 1997 Fori

209 2030 252 2052 cx
270 2024 368 2065 parte
388 2018 548 2053 orientali
579 2019 734 2053 eiusdem
761 2019 827 2054 vici
859 2020 950 2054 inter
969 2026 1097 2055 terram
1125 2027 1256 2056 vastam
1286 2021 1456 2058 Johannis
1480 2022 1602 2070 Smyth
1635 2036 1679 2058 ex

208 2085 305 2125 parte
332 2079 453 2113 boriali
473 2085 509 2114 et
535 2085 774 2115 tenementum
795 2080 962 2115 Willelmi
992 2081 1162 2117 ,Iohannis
1181 2094 1227 2116 ex
1259 2089 1357 2129 parte
1389 2083 1530 2118 australi
1555 2105 1561 2110 -
1585 2085 1680 2119 Aeta

206 2140 343 2174 fuerant
369 2139 434 2174 hec
460 2140 495 2174 in
523 2140 671 2175 ecclesia
692 2140 907 2187 Glasguensi
934 2142 1155 2189 presentibus
1174 2143 1432 2179 venerabilibus
1459 2150 1494 2179 et
1513 2145 1675 2181 discretis

205 2200 288 2235 viris
307 2200 471 2247 magistro
489 2201 650 2237 Johanne
671 2202 861 2237 Senescalli
880 2203 1078 2238 subdecano
1097 2203 1312 2250 Glasguensi
1348 2204 1487 2240 domino
1512 2205 1676 2241 ¹Iohanne

205 2261 247 2296 de
267 2261 422 2296 Lowden
442 2268 611 2310 perpetuo
630 2263 758 2298 vicario
777 2263 820 2299 de
841 2263 1015 2310 Kilpatrik
1059 2264 1194 2299 Thoma
1212 2265 1255 2300 de
1277 2265 1446 2301 Arthurle
1479 2272 1514 2301 et
1550 2267 1671 2302 Dauid
