1922 2764
226 288 291 318 114
555 283 710 319 LIBER
738 285 986 320 ECCLESIE
1016 285 1355 320 COLLEGIATE

222 381 313 416 inter
339 387 450 416 terras
481 382 634 428 magistri
663 382 785 418 Jacobi
815 382 976 417 Salmond
1006 394 1051 416 ex
1077 381 1282 416 occidentali
1309 388 1345 415 et
1371 387 1481 416 terras
1509 382 1678 428 quondam

224 441 375 486 Angusii
393 442 620 488 Goldsmytht
637 455 682 477 ex
701 443 859 477 orientali
878 443 1033 489 partibus
1052 443 1185 476 debens
1204 441 1378 476 annuatim
1398 448 1531 489 septem
1550 443 1676 477 solidos

223 502 326 536 annui
345 502 501 537 redditus
518 511 526 538 Ι
543 509 578 538 et
590 503 703 538 hocin
719 510 897 537 varantum
913 510 1082 537 terrarum
1097 502 1140 536 de
1156 502 1398 537 Brvmelandis
1416 512 1424 539 l
1441 503 1680 538 indifferenter

220 563 395 597 annuatim
420 563 559 597 leuandi
588 564 630 597 de
657 563 763 598 terris
782 564 825 597 de
846 562 1088 597 Brvmelandis
1116 562 1190 596 siue
1209 562 1252 596 de
1272 562 1364 597 dicto
1390 569 1591 597 tenemento
1608 572 1617 599 Ι
1634 563 1681 598 Et

222 622 264 656 ad
282 628 518 657 tenementum
538 623 709 670 quondam
727 623 897 659 Johannis
918 622 1064 668 Clemey
1082 628 1163 656 ante
1182 629 1217 657 et
1235 629 1329 657 retro
1357 636 1432 657 cum
1459 624 1679 670 pertinentiis

218 683 338 728 jacens
365 695 410 717 ex
436 690 535 730 parte
555 683 713 718 orientali
733 683 922 717 communis
940 683 995 716 vie
1015 695 1081 729 que
1101 682 1196 717 ducit
1214 695 1233 717 a
1253 682 1366 718 Cruoe
1386 684 1499 718 Forali
1528 685 1570 718 ad
1597 685 1678 719 Por-

222 748 289 776 tam
309 743 510 777 Australem
529 743 620 777 dicte
639 743 788 778 ciuitatis
811 742 1043 788 Glasguensis
1061 743 1152 777 inter
1171 750 1281 778 terras
1305 744 1447 778 Roberti
1478 745 1615 791 Smytht
1634 758 1678 780 ex

222 803 352 837 boreali
368 810 403 837 et
418 809 527 838 terras
545 803 716 849 quondam
733 803 935 837 Archibaldi
955 803 1164 838 Robesoune
1180 816 1224 837 ex
1239 804 1377 839 australi
1394 805 1547 851 partibus
1565 814 1573 841 Ι
1590 805 1677 840 Item

221 863 264 897 ad
283 864 452 909 quoddam
471 869 708 898 tenementum
727 869 807 898 ante
827 870 861 898 et
879 870 974 897 retro
993 863 1178 898 Beatarum
1206 864 1320 899 Marie
1339 864 1499 910 Virginis
1519 872 1553 900 et
1573 866 1677 900 Anne

223 923 348 958 Matris
367 924 440 958 eius
459 931 660 971 occupatum
679 924 722 958 de
740 924 895 971 presenti
920 937 983 971 per
1008 925 1180 959 Dauidem
1207 924 1343 959 Lioune
1366 925 1487 971 jacens
1512 939 1556 960 ex
1580 935 1678 972 parte

221 985 425 1019 occidentali
444 985 632 1019 communis
659 985 715 1019 vie
734 998 801 1032 que
821 985 915 1019 ducit
933 998 952 1019 a
972 984 1087 1020 Cruce
1106 985 1221 1019 Forali
1248 985 1290 1020 ad
1320 985 1456 1020 Portam
1480 986 1677 1021 Australem

222 1045 314 1079 dicte
341 1045 491 1080 ciuitatis
518 1046 607 1080 inter
635 1052 745 1080 terras
770 1045 899 1079 domini
920 1045 1122 1080 Archibaldi
1144 1046 1301 1080 VVilsone
1328 1058 1373 1080 ex
1399 1047 1539 1081 australi
1558 1053 1593 1081 et
1611 1054 1678 1082 ter-

222 1118 276 1139 ras
295 1106 464 1152 quondam
486 1106 627 1140 Niniani
649 1106 849 1141 Mersehiall
869 1119 913 1140 ex
932 1106 1062 1140 boreali
1080 1106 1234 1153 partibus
1251 1115 1260 1142 Ι
1277 1106 1365 1140 Item
1381 1107 1422 1141 ad
1441 1113 1676 1142 tenementum

222 1171 381 1212 spectans
403 1167 546 1201 Andree
576 1166 678 1201 Mure
702 1167 822 1213 jacens
841 1179 886 1201 ex
905 1166 1111 1201 occidentali
1138 1173 1235 1213 parte
1263 1167 1396 1214 prefate
1415 1168 1602 1202 communis
1622 1169 1676 1202 vie

222 1238 288 1272 que
314 1226 409 1261 ducit
435 1240 453 1261 a
479 1226 593 1262 Cruce
624 1227 740 1261 Forali
771 1227 813 1261 ad
848 1227 982 1261 Portam
1018 1227 1216 1261 Australem
1244 1227 1336 1262 dicte
1367 1228 1514 1262 ciuitatis
1545 1228 1677 1263 debens

221 1287 394 1322 annuatim
414 1294 559 1334 quatuor
578 1288 705 1322 solidos
724 1287 828 1322 annui
854 1288 1010 1322 redditus
1033 1288 1152 1333 jacens
1180 1288 1270 1322 inter
1297 1293 1407 1322 terras
1428 1288 1562 1323 Thome
1583 1288 1677 1323 Clid-

221 1347 353 1381 disdale
380 1361 424 1382 ex
451 1348 581 1382 boreali
610 1354 645 1383 et
671 1355 782 1383 terras
809 1349 900 1383 dicte
930 1348 1033 1382 Noue
1055 1348 1251 1394 Collegiate
1280 1348 1437 1383 Ecelesie
1467 1361 1509 1382 ex
1537 1349 1677 1384 australi

220 1408 374 1453 partibus
391 1417 400 1444 l
416 1408 504 1443 Item
530 1409 573 1442 ad
597 1409 767 1455 quoddam
794 1414 1031 1443 tenementum
1059 1414 1138 1443 ante
1167 1415 1202 1443 et
1229 1414 1325 1443 retro
1352 1414 1511 1455 spectans
1539 1409 1676 1444 domino

223 1467 328 1502 Petro
356 1468 439 1502 Law
465 1469 586 1515 jacens
613 1481 658 1502 ex
686 1476 783 1515 parte
811 1469 970 1503 orientali
1002 1469 1133 1515 prefate
1161 1469 1349 1503 communis
1376 1469 1431 1503 vie
1459 1470 1634 1504 tendentis
1659 1484 1677 1504 a

222 1527 336 1562 Cruee
365 1528 480 1562 Forali
508 1529 551 1563 ad
579 1529 716 1563 Portam
747 1529 946 1563 Australem
977 1529 1068 1563 dicte
1096 1529 1245 1563 ciuitatis
1277 1529 1408 1564 debens
1436 1530 1676 1576 quadraginta-

222 1594 367 1634 quatuor
386 1588 513 1623 solidos
532 1589 636 1623 annui
654 1589 811 1623 redditus
837 1589 928 1623 inter
946 1595 1057 1623 terras
1076 1589 1155 1623 olim
1176 1589 1386 1635 Kentigerni
1408 1589 1612 1624 Haustoune
1633 1602 1676 1624 ex

221 1648 361 1682 australi
380 1654 414 1682 et
432 1654 543 1683 terras
562 1649 643 1683 dicti
662 1649 817 1695 magistri
835 1649 857 1684 J
860 1649 956 1683 acobi
971 1649 1163 1684 fundatoris
1182 1662 1226 1684 ex
1244 1649 1374 1684 boreali
1392 1650 1546 1696 partibus
1562 1659 1571 1686 Ι
1589 1650 1675 1684 Item

221 1709 263 1742 ad
282 1709 366 1742 duas
383 1709 505 1743 bothas
523 1709 715 1743 anteriores
734 1722 810 1744 eum
829 1709 978 1743 dimedia
995 1716 1092 1755 parte
1111 1709 1177 1744 orti
1194 1718 1202 1746 Ι
1218 1709 1381 1744 videlieet
1397 1718 1405 1746 l
1422 1710 1551 1744 boreali
1579 1718 1675 1757 parte

222 1768 287 1802 orti
312 1775 346 1803 et
370 1770 561 1803 tenementi
588 1769 790 1816 posterioris
806 1770 984 1815 [jacentes
1003 1782 1047 1804 ex
1067 1769 1225 1804 orientali
1252 1776 1350 1816 parte
1377 1771 1569 1817 prescripte
1588 1783 1676 1805 eom-

222 1829 332 1863 munis
352 1829 406 1863 vie
426 1842 492 1876 que
512 1829 625 1864 tendit
642 1842 661 1864 a
681 1829 795 1864 Cruee
814 1829 929 1864 Forali
956 1829 998 1863 ad
1027 1829 1166 1864 Portam
1185 1830 1383 1864 Australem
1411 1830 1501 1864 dicte
1529 1830 1677 1864 ciuitatis

222 1889 311 1923 inter
326 1897 436 1923 terras
451 1890 533 1924 dicti
548 1889 676 1923 domini
697 1889 791 1924 Petri
811 1902 855 1924 ex
873 1890 1013 1924 australi
1030 1896 1065 1924 et
1079 1896 1190 1924 terras
1208 1890 1290 1924 dicti
1311 1890 1445 1924 Thome
1466 1890 1676 1937 Blythmann

223 1962 266 1983 ex
284 1949 415 1984 boreali
433 1950 588 1996 partibus
606 1959 614 1986 Ι
632 1950 719 1985 Item
735 1951 778 1985 ad
792 1957 1028 1985 tenementum
1046 1951 1216 1986 Johannis
1232 1950 1366 1997 Glasgu
1383 1951 1503 1998 jacens
1518 1964 1561 1986 ex
1579 1958 1676 1998 parte

223 2010 426 2044 occidentali
445 2010 536 2045 dicte
563 2011 752 2045 communis
771 2011 826 2045 vie
844 2023 911 2057 que
931 2011 1025 2045 ducit
1043 2023 1062 2045 a
1081 2010 1196 2046 Cruce
1215 2011 1330 2045 Forali
1357 2011 1399 2045 ad
1428 2011 1564 2045 Portam
1586 2011 1676 2046 Aus-

222 2070 343 2104 tralem
362 2070 492 2104 debens
510 2071 684 2105 annuatim
703 2077 849 2118 quatuor
868 2071 995 2105 solidos
1013 2071 1117 2105 annui
1140 2071 1296 2105 redditus
1320 2071 1439 2117 jacens
1458 2071 1548 2106 inter
1566 2078 1676 2106 terras

221 2130 390 2165 Johannis
411 2131 559 2177 Rankyn
580 2144 623 2166 ex
651 2132 790 2166 australi
810 2138 845 2166 et
863 2137 973 2166 terras
995 2132 1073 2165 olim
1093 2131 1214 2167 Jacobi
1236 2131 1364 2178 Young
1382 2144 1426 2166 ex
1446 2132 1574 2166 boreali
1601 2145 1676 2178 par-

222 2190 313 2224 tibus
336 2198 344 2225 Ι
365 2190 453 2224 Item
483 2191 526 2224 ad
556 2198 791 2226 tenementum
824 2192 947 2238 prefati
974 2191 1143 2227 Johannis
1177 2192 1326 2238 Rankyn
1354 2192 1474 2238 jacens
1503 2205 1547 2226 ex
1578 2199 1675 2238 parte

224 2249 427 2284 occidentali
454 2251 645 2297 prescripte
665 2252 852 2286 communis
870 2252 926 2286 vie
945 2264 1011 2298 que
1030 2252 1143 2286 tendit
1161 2265 1180 2286 a
1200 2252 1314 2287 Cruce
1341 2252 1455 2286 Forali
1476 2252 1517 2286 ad
1539 2252 1675 2286 Portam

225 2310 423 2344 Australem
443 2310 574 2344 debens
601 2312 774 2345 annuatim
793 2312 877 2346 duas
904 2324 1035 2346 mercas
1053 2312 1296 2346 feodifirmales
1319 2313 1438 2358 jacens
1457 2313 1547 2346 inter
1565 2318 1675 2346 terras
