1922 2764
637 283 678 318 B.
707 282 754 318 V.
783 282 952 317 MARIE
980 282 1049 316 ET
1077 282 1112 317 S.
1142 282 1301 318 ANNE.
1634 289 1701 325 139

241 391 299 425 my
313 379 415 425 gudis
430 380 614 415 movabille
634 380 701 414 and
720 379 950 414 immovabille
969 385 1113 426 present
1126 379 1195 414 and
1212 386 1248 414 to
1267 392 1342 414 cum
1365 402 1371 408 -
1395 381 1435 415 In
1455 382 1576 416 witnes
1591 382 1630 416 of
1643 382 1701 417 the

241 438 361 485 quhilk
380 439 493 485 thyng
511 446 545 474 to
568 440 636 474 thir
662 440 835 487 presentis
862 440 1047 475 subscrivit
1064 440 1144 475 with
1171 452 1229 487 my
1247 440 1338 475 hand
1365 454 1423 488 my
1442 442 1517 476 seill
1535 443 1564 477 is
1582 444 1676 478 affixi:
1692 453 1701 479 Ι

242 498 294 534 At
316 499 451 546 Glasgu
471 500 529 534 the
549 501 643 547 xxvij
664 501 732 548 day
751 501 788 535 of
811 501 988 536 Februare
1007 500 1066 535 the
1093 500 1170 547 yeir
1189 501 1228 535 of
1244 501 1326 536 God
1345 514 1409 536 ane
1433 502 1601 537 thousand
1620 504 1702 538 five-

240 559 432 594 hundretht
458 560 686 608 fourtysevyn
719 562 813 607 yeris
845 582 850 588 ·
885 561 1014 596 POST
1040 561 1278 608 cuiusquidem
1308 563 1560 608 procurationis
1587 563 1702 599 littere

241 620 473 667 perlecturam
492 626 528 655 et
545 621 813 667 publicationem
836 622 927 657 idem
947 622 1104 657 dominus
1124 621 1360 657 Archibaldus
1377 632 1386 660 Ι
1402 630 1603 670 procurator
1622 624 1702 659 dicti

242 681 452 715 venerabilis
478 681 543 715 viri
561 690 569 717 Ι
586 681 780 716 huiusmodi
806 683 968 717 horreum
996 682 1030 717 in
1058 683 1214 717 manibus
1242 683 1453 718 honorabilis
1473 683 1537 718 viri
1557 684 1702 720 Andree

242 741 386 788 Dunlop
405 741 547 776 alterius
573 742 778 776 balliuorum
797 743 946 778 ciuitatis
968 743 1200 790 Glasguensis
1217 752 1225 780 l
1242 743 1276 778 in
1294 744 1448 779 fauorem
1474 751 1509 779 et
1532 757 1595 791 pro
1613 758 1704 780 noua

241 802 368 836 saisina
393 802 494 837 dictis
521 802 640 836 Dauid
668 808 703 837 et
728 803 856 838 Jonete
876 810 911 838 et
937 816 1055 838 eorum
1082 804 1180 851 alterj
1209 804 1337 839 diutius
1364 805 1496 840 viuenti
1523 811 1559 840 et
1585 818 1703 840 eorum

241 862 428 898 heredibus
443 868 478 898 et
492 863 676 909 assignatis
693 872 701 899 Ι
721 863 943 910 [resignauit]
969 885 975 891 -
1001 865 1080 905 Qua
1098 865 1334 912 resignatione
1354 866 1403 901 sic
1417 866 1506 901 facta
1523 866 1614 901 idem
1633 867 1703 901 bal-

240 923 330 958 liuus
358 930 483 959 statum
502 930 537 959 et
555 924 715 958 saisinam
735 924 962 959 hereditarios
981 925 1063 960 dicti
1090 925 1207 960 horrei
1226 932 1263 960 vt
1291 939 1394 974 supra
1412 926 1512 961 dietis
1532 927 1648 962 Dauid
1668 934 1703 962 et

239 985 368 1021 Jonete
390 997 454 1032 per
476 991 570 1020 terre
597 991 633 1019 et
658 984 782 1032 lapidis
801 985 1086 1020 deliberationem
1114 986 1322 1022 deliberauit
1339 996 1348 1023 l
1365 987 1461 1022 saluo
1487 993 1601 1022 tamen
1629 988 1703 1023 iure

240 1046 425 1081 cuiuslibet
446 1067 452 1072 -
477 1045 703 1081 Presentibus
730 1045 858 1080 ibidem
880 1046 1140 1082 honorabilibus
1158 1047 1241 1082 viris
1259 1048 1398 1082 domino
1415 1048 1575 1084 Johanne
1597 1049 1703 1084 Ham-

239 1106 407 1141 miltoune
426 1113 462 1141 et
483 1106 640 1141 Roberto
661 1106 830 1141 Watsoun
849 1107 1064 1153 presbyteris
1090 1108 1251 1144 Johanne
1280 1108 1491 1144 Androsone
1511 1116 1547 1144 et
1571 1110 1702 1146 Jacobo

240 1167 421 1214 Dalgleiss
440 1166 609 1202 seriandis

335 1288 404 1322 ET
422 1301 489 1336 ego
507 1301 592 1324 vero
611 1289 798 1324 Villelmus
819 1289 953 1336 Hegait
970 1289 1116 1324 clericus
1138 1290 1369 1337 Glasguensis
1389 1291 1536 1327 diocesis
1554 1292 1702 1327 auctori-

336 1355 408 1385 tate
427 1362 523 1385 sacra
543 1349 748 1398 Apostolica
765 1350 920 1386 notarius
939 1350 1097 1397 publicus
1149 1350 1242 1392 Quia
1263 1350 1358 1398 [eta]

827 1447 1014 1482 Villelmus
1035 1447 1169 1494 Hegait

238 1622 310 1688 IN
336 1653 427 1688 DEI
453 1652 591 1688 nomine
613 1652 728 1687 Amen
750 1673 757 1680 ·
781 1653 849 1688 Per
867 1652 933 1688 hoc
950 1653 1125 1700 publicum
1144 1653 1410 1688 instrumentum
1429 1653 1561 1688 cunctis
1585 1660 1701 1699 pateat

238 1714 331 1761 quod
344 1727 434 1749 anno
448 1713 694 1749 incarnationis
711 1713 896 1748 Dominice
916 1714 1098 1748 millesimo
1113 1713 1392 1760 quingentesimo
1409 1714 1699 1760 Quadragesimo-

238 1775 385 1821 septimo
411 1775 466 1810 die
494 1788 578 1810 vero
604 1774 796 1821 penultimo
823 1774 952 1809 mensis
981 1774 1162 1809 Februarii
1179 1783 1188 1811 l
1206 1774 1246 1808 In
1274 1774 1341 1808 mei
1368 1774 1491 1808 notarii
1518 1773 1646 1820 publici
1665 1780 1700 1808 et

238 1835 378 1870 testium
409 1835 680 1882 subscriptorum
711 1835 889 1882 presentia
918 1835 1150 1882 personaliter
1177 1834 1384 1869 constitutus
1410 1834 1620 1868 honorabilis
1647 1834 1699 1869 vir

239 1896 357 1930 Dauid
372 1895 496 1943 Lyone
513 1905 522 1932 Ι
538 1896 628 1930 filius
643 1901 679 1930 et
691 1895 794 1930 heres
809 1896 980 1943 quondam
1001 1895 1141 1930 Patricii
1160 1895 1272 1929 Lione
1288 1895 1375 1929 ciuis
1392 1894 1623 1940 Glasguensis
1640 1903 1648 1931 l
1665 1901 1700 1929 et

237 1956 366 1993 Joneta
385 1956 565 2004 Campbell
586 1957 660 1991 eius
688 1969 814 2003 sponsa
835 1977 840 1982 ·
864 1956 1015 1990 vnanimi
1042 1968 1213 1990 consensu
1241 1968 1337 1989 suum
1357 1967 1507 1989 annuum
1526 1955 1698 1989 redditum

237 2016 362 2063 viginti
389 2017 576 2052 solidorum
603 2017 646 2051 de
674 2022 875 2051 tenemento
902 2016 1074 2062 quondam
1100 2015 1270 2051 Johannis
1291 2015 1438 2062 Clemey
1452 2015 1590 2062 jacente
1610 2016 1699 2050 infra

236 2077 449 2112 territorium
467 2077 617 2113 ciuitatis
639 2077 872 2124 Glasguensis
899 2076 933 2110 in
953 2076 1008 2110 via
1026 2088 1093 2122 qua
1112 2075 1180 2110 itur
1197 2088 1217 2110 a
1236 2075 1351 2110 Cruee
1371 2075 1486 2110 Forali
1505 2076 1597 2111 dicte
1615 2076 1696 2111 ciui-

237 2137 317 2173 tatis
335 2138 377 2173 ad
397 2138 535 2173 Portam
557 2138 757 2172 Australem
777 2137 931 2171 eiusdem
948 2144 957 2172 l
972 2136 1063 2170 inter
1085 2142 1195 2170 terras
1214 2136 1385 2183 quondam
1401 2136 1572 2172 ,Iohannis
1600 2137 1696 2184 Sym-

237 2211 346 2234 soune
365 2211 411 2234 ex
427 2205 526 2246 parte
544 2198 685 2234 australi
700 2204 735 2232 et
749 2203 860 2231 terras
880 2196 1027 2230 Roberti
1048 2196 1185 2243 Smytht
1200 2208 1244 2230 ex
1261 2202 1359 2243 parte
1377 2197 1508 2231 boreali
1525 2206 1533 2233 l
1550 2209 1696 2232 commu-

237 2271 315 2294 nem
333 2259 423 2294 viam
452 2259 599 2305 Regiam
626 2270 670 2292 ex
697 2256 902 2292 occidentali
927 2261 1025 2302 parte
1043 2265 1051 2292 l
1067 2255 1101 2290 in
1128 2255 1284 2290 manibus
1308 2256 1518 2291 honorabilis
1536 2256 1601 2291 viri
1622 2256 1695 2290 An-

237 2318 321 2354 dree
348 2318 493 2365 Dunlop
519 2317 661 2352 alterius
680 2316 884 2351 balliuorum
909 2315 1000 2350 dicte
1019 2315 1168 2351 ciuitatis
1190 2315 1421 2364 Glasguensis
1448 2317 1695 2364 resignarunt!
