1922 2764
222 237 267 272 92
549 232 704 267 LIBER
731 232 978 268 ECCLESIE
1009 233 1347 269 COLLEGIATE

221 335 314 364 terre
345 341 408 376 per
438 335 531 364 terre
563 335 598 364 et
628 329 752 376 lapidis
784 330 1002 364 traditionem
1034 330 1241 364 deliberauit
1263 350 1268 355 ·
1293 328 1518 363 Presentibus
1548 328 1673 362 ibidem

223 389 380 423 Henrico
405 389 593 424 Robesone
613 389 727 424 Adam
756 389 860 424 Knox
888 390 1026 424 domino
1053 389 1188 424 Thoma
1208 389 1387 424 Crawfurd
1409 388 1562 423 Cristina
1581 389 1676 423 Wat-

221 461 305 483 sone
325 455 360 483 et
379 449 525 483 Andrea
542 449 717 495 Flemyng
735 449 862 484 cliente
884 470 890 476 ι
914 450 982 484 ΕΤ
1009 449 1117 484 EGO
1143 449 1322 485 ,Iohannes
1346 449 1558 483 Moresoune
1578 449 1676 484 cleri-

220 522 279 543 cus
309 509 541 555 Glasguensis
568 509 714 544 diocesis
744 510 901 556 publicus
933 523 1029 544 sacra
1060 509 1263 544 auctoritate
1295 509 1496 556 Apostoliea
1522 510 1676 544 notarius

223 569 315 610 Quia
337 568 433 616 [eto]

220 719 289 784 IN
318 750 408 784 DEI
434 751 572 785 nomine
594 751 708 785 Amen
732 771 738 777 -
765 750 830 784 Per
848 750 913 784 hoc
931 750 1104 797 publicum
1128 750 1391 784 instrumentum
1411 750 1543 784 cunctis
1561 757 1677 796 pateat

219 811 310 856 quod
329 823 418 845 anno
445 811 689 845 incarnationis
716 810 900 844 Dominice
926 810 1107 845 millesimo
1126 810 1404 856 quingentesimo
1422 810 1601 854 trigesimo
1620 810 1675 844 die

219 883 303 905 vero
318 871 520 906 duodecimo
539 871 666 905 mensis
687 870 850 905 Octobris
867 879 875 906 Ι
892 870 932 904 In
948 883 1002 905 me
1017 871 1142 905 notarii
1160 870 1288 917 publici
1303 876 1338 904 et
1351 870 1489 904 testium
1506 870 1675 917 subscrip-

218 940 330 964 torum
356 931 533 978 presentia
559 931 786 977 personaliter
817 929 1056 977 [constitutus]
1087 930 1257 965 discretus
1284 931 1336 964 vir
1367 931 1531 974 magister
1558 931 1675 965 Dauid

219 991 333 1025 Bruce
360 992 515 1026 existens
542 991 575 1025 in
604 997 694 1025 statu
722 998 757 1026 et
784 990 909 1025 saisina
935 1003 1126 1025 annuorum
1153 990 1350 1025 reddituum
1378 991 1674 1036 subscriptorum!

217 1051 381 1085 videlicet
397 1059 406 1086 l
423 1051 536 1085 Vnius
555 1051 659 1085 annui
678 1050 834 1085 redditus
853 1051 1043 1086 octodecim
1071 1051 1257 1085 solidorum
1280 1050 1453 1085 annuatim
1473 1051 1612 1085 leuandi
1631 1051 1674 1085 de

217 1117 418 1146 tenemento
435 1111 604 1147 Johannis
622 1111 816 1147 Johnstone
833 1111 972 1157 jacente
992 1112 1024 1145 in
1046 1112 1089 1145 lie
1112 1111 1275 1146 Stokwoll
1295 1123 1338 1145 ex
1358 1117 1454 1157 parte
1471 1111 1675 1145 occidentali

219 1171 372 1206 eiusdem
394 1172 484 1206 inter
503 1178 738 1206 tenementum
757 1172 926 1207 Johannis
947 1172 1137 1218 Pettigrew
1164 1184 1208 1206 ex
1235 1171 1365 1205 boreali
1386 1178 1421 1205 et
1439 1177 1673 1205 tenementum

216 1231 385 1267 Johannis
407 1232 525 1266 Schire
544 1244 588 1266 ex
607 1232 747 1266 australi
764 1240 772 1268 Ι
789 1233 877 1267 Item
895 1233 995 1267 vnius
1014 1232 1118 1267 annui
1146 1232 1301 1267 redditus
1320 1232 1577 1278 quatuordecim
1597 1233 1675 1266 soli-

218 1292 338 1326 dorum
357 1293 530 1327 annuatim
559 1293 698 1327 leuandi
717 1293 760 1327 de
778 1293 904 1327 horreo
931 1293 1113 1327 Elizabeth
1145 1293 1409 1327 Harbertsoune
1428 1293 1548 1327 relicte
1568 1305 1675 1339 quon-

219 1352 294 1386 dam
317 1352 481 1387 Willelmi
503 1353 689 1388 Robesone
712 1353 851 1399 jacente
871 1353 904 1386 in
924 1353 1016 1388 dicto
1035 1353 1111 1387 vico
1130 1353 1173 1387 de
1195 1352 1358 1387 Stokwoll
1378 1365 1421 1387 ex
1446 1359 1543 1398 parte
1563 1353 1674 1386 orien-

218 1412 277 1446 tali
296 1412 449 1447 eiusdem
469 1413 559 1447 inter
577 1420 814 1448 tenementum
828 1413 1007 1449 Johannes
1029 1415 1158 1459 Stevyn
1181 1426 1223 1447 ex
1243 1412 1372 1447 boreali
1388 1419 1423 1447 et
1437 1419 1548 1447 terras
1563 1413 1674 1459 capel-

218 1472 308 1507 lanie
325 1473 467 1507 fundate
495 1474 529 1507 in
557 1473 704 1508 ecclesia
729 1473 933 1520 parrochiali
958 1474 1001 1507 de
1022 1473 1161 1508 Cadder
1187 1486 1250 1519 per
1277 1473 1476 1519 magistrum
1505 1473 1672 1507 Thomam

219 1532 315 1578 Leys
334 1533 497 1567 vicarium
515 1533 558 1568 de
579 1533 766 1580 Dregarne
786 1546 831 1568 ex
853 1534 993 1568 australi
1019 1534 1175 1580 partibus
1192 1542 1200 1569 l
1217 1533 1304 1568 Item
1324 1534 1366 1568 de
1386 1533 1537 1580 quinque
1557 1534 1674 1568 solidis

218 1593 322 1627 annui
348 1593 504 1628 redditus
531 1594 704 1628 annuatim
732 1594 870 1628 leuandi
889 1594 932 1628 de
951 1599 1152 1628 tenemento
1170 1593 1338 1629 Johannis
1358 1593 1459 1639 Boyd
1481 1594 1620 1639 jacente
1640 1594 1672 1628 in

219 1653 358 1688 ciuitate
380 1653 593 1700 Glasguensi
611 1654 645 1688 in
664 1654 720 1688 via
738 1667 804 1700 que
823 1654 917 1688 ducit
935 1667 954 1688 a
974 1654 1167 1694 Quadriuio
1186 1654 1226 1688 ad
1247 1653 1379 1688 Locum
1406 1654 1563 1688 Fratrum
1593 1654 1674 1689 Pre-

219 1713 405 1748 dicatorum
425 1714 574 1748 ciuitatis
596 1714 827 1760 Glasguensis
846 1726 891 1749 ex
911 1715 1115 1764 occidentali
1142 1720 1239 1760 parte
1267 1714 1422 1748 eiusdem
1448 1715 1539 1748 inter
1563 1720 1674 1748 terras

221 1773 413 1820 Hospitalis
436 1774 551 1809 Sancti
580 1774 739 1809 Nicholai
767 1787 812 1809 ex
839 1775 979 1809 australi
1006 1781 1041 1809 et
1068 1781 1304 1809 tenementum
1331 1775 1501 1810 Johannis
1523 1775 1675 1821 Gottray

219 1846 262 1868 ex
281 1834 411 1869 boreali
429 1835 583 1881 partibus
606 1855 611 1861 ·
636 1834 683 1869 Et
700 1835 827 1869 ibidem
847 1835 958 1869 dictus
984 1835 1149 1882 magister
1175 1835 1290 1869 Dauid
1311 1835 1421 1870 dictos
1440 1847 1571 1869 annuos
1599 1835 1675 1869 red-

219 1894 310 1928 ditus
329 1894 363 1928 in
382 1895 537 1928 manibus
564 1894 775 1929 honorabilis
803 1895 867 1929 viri
893 1895 1062 1931 Johannis
1091 1895 1204 1930 Wann
1233 1895 1333 1929 vnius
1360 1895 1563 1930 balliuorum
1583 1896 1674 1930 dicte

218 1954 366 1989 ciuitatis
397 1955 628 2001 Glasguensis
660 1955 694 1989 in
721 1955 875 1990 fauorem
906 1955 1060 2001 magistri
1092 1955 1214 1991 Jacobi
1248 1955 1456 1990 Houstonne
1489 1956 1673 1990 subdecani

222 2014 452 2061 Glasguensis
479 2015 794 2062 resignauitlQua
820 2016 1055 2062 resignatione
1079 2016 1127 2050 sic
1144 2016 1234 2050 facta
1260 2016 1349 2050 idem
1377 2016 1524 2050 balliuus
1550 2022 1674 2050 statum

219 2081 254 2108 et
280 2075 438 2109 saisinam
468 2075 697 2111 hereditarios
724 2076 893 2110 dictorum
920 2089 1111 2110 annuorum
1142 2076 1338 2110 reddituum
1366 2088 1428 2122 per
1455 2075 1500 2110 lie
1528 2075 1613 2122 hesp
1640 2082 1675 2110 et

219 2135 332 2180 stapill
350 2135 569 2170 traditionem
588 2136 721 2182 prefato
739 2137 904 2182 magistro
918 2137 940 2173 J
943 2137 1050 2171 acobo
1072 2137 1280 2170 Houstoune
1295 2148 1334 2170 ac
1349 2136 1418 2170 suis
1436 2136 1622 2171 heredibus
1641 2144 1676 2171 et

218 2194 400 2240 assignatis
415 2195 621 2230 deliberauit
643 2216 648 2222 -
674 2196 900 2231 Presentibus
919 2197 1046 2231 ibidem
1062 2197 1200 2231 domino
1219 2196 1358 2230 Dauide
1378 2196 1548 2231 Masoune
1564 2196 1675 2242 capel—

218 2255 296 2289 lano
322 2254 494 2289 Michaele
523 2256 695 2301 Flemyng
720 2256 880 2292 Johanne
912 2257 1049 2291 Walcar
1081 2256 1240 2291 seriando
1268 2262 1303 2290 et
1331 2255 1479 2290 Patricio
1499 2255 1673 2290 Crokett·
