1922 2764
183 1114 205 1148 i.

173 2276 207 2310 ii.

475 753 684 794 CARTE
722 753 999 800 QUEDAM
1037 749 1510 793 GLASGUENSES.

259 994 489 1030 Confirmacio
511 1014 517 1020 -
539 993 562 1030 J
585 1014 591 1020 ·
614 993 769 1040 episcopi
791 1013 796 1019 ·
820 993 863 1028 de
882 993 969 1028 tofto
987 993 1023 1027 in
1046 992 1178 1028 Glascu

255 1089 453 1155 Joeelinus
475 1139 482 1145 ·
504 1118 576 1154 Dei
606 1119 724 1165 gracia
755 1118 987 1165 Glasguensis
1019 1117 1201 1165 episcopus
1223 1136 1230 1143 ·
1253 1114 1424 1150 Vniuersis
1457 1118 1574 1148 sancte
1604 1110 1721 1146 matris

257 1179 405 1215 ecclesie
424 1179 502 1214 filiis
521 1186 590 1215 tam
609 1180 757 1227 posteris
781 1192 881 1227 quam
908 1178 1130 1226 presentibus
1157 1178 1302 1212 salutem
1329 1176 1364 1210 in
1384 1174 1465 1222 Xpo
1488 1195 1493 1200 -
1519 1172 1641 1209 Sciatis
1659 1184 1722 1206 nos

256 1241 395 1276 dedisse
415 1247 450 1276 et
468 1241 683 1276 concessisse
705 1261 711 1267 ·
735 1246 771 1275 et
796 1240 860 1275 hac
889 1245 983 1275 carta
1011 1246 1131 1274 nostra
1149 1239 1369 1274 confirmasse
1396 1236 1478 1271 Deo
1509 1240 1545 1270 et
1576 1232 1723 1268 ecclesie

258 1302 384 1336 Sancte
404 1301 518 1336 Marie
537 1301 580 1336 de
600 1301 759 1349 Maylros
778 1307 813 1336 et
831 1300 1007 1336 monachis
1033 1300 1162 1335 ibidem
1181 1299 1262 1334 Deo
1281 1296 1515 1333 seruientibus
1537 1316 1543 1322 -
1566 1295 1600 1329 in
1619 1294 1723 1328 liber-

255 1374 309 1397 am
328 1368 364 1397 et
392 1368 598 1409 perpetuam
618 1362 842 1397 elemosinam
864 1382 870 1388 ·
892 1361 978 1395 illud
1008 1361 1131 1396 toftum
1163 1360 1197 1394 in
1227 1360 1339 1406 burgo
1368 1359 1411 1393 de
1442 1357 1579 1403 Glasgu
1602 1377 1607 1382 -
1631 1355 1723 1402 quod

257 1423 454 1458 Rannulfus
481 1423 525 1458 de
554 1423 738 1458 Hadintun
770 1422 945 1458 edificauit
975 1422 1009 1456 in
1040 1421 1150 1469 prima
1181 1420 1399 1456 edificatione
1429 1417 1532 1464 burgi
1563 1417 1604 1452 ad
1637 1428 1723 1463 opus

256 1483 376 1518 domus
396 1483 439 1518 de
458 1483 618 1530 Maylros
640 1505 646 1510 ·
669 1483 716 1518 ita
742 1483 898 1531 plenarie
931 1483 1018 1518 sicut
1048 1482 1135 1517 illud
1166 1481 1340 1516 edificauit
1371 1486 1406 1515 et
1436 1479 1549 1514 tenuit
1571 1500 1576 1506 ·
1602 1479 1722 1519 Quare

256 1544 414 1579 uolumus
432 1550 470 1579 ut
487 1544 635 1592 predicti
654 1544 810 1579 monachi
837 1544 880 1579 de
908 1544 1067 1591 Maylros
1086 1548 1229 1578 teneant
1248 1548 1284 1577 et
1300 1541 1502 1589 possideant
1529 1539 1722 1588 predictum

255 1605 378 1640 toftum
396 1606 444 1640 ita
461 1605 571 1641 libere
591 1611 627 1641 et
644 1606 761 1653 quiete
781 1605 869 1641 sicut
887 1605 951 1653 ipsi
982 1605 1128 1652 aliquam
1148 1603 1369 1639 elemosinam
1397 1602 1540 1637 liberius
1567 1607 1603 1636 et
1629 1601 1722 1648 quie-

255 1666 328 1701 cius
345 1672 470 1702 tenent
500 1673 535 1702 et
565 1667 747 1714 possident
769 1687 775 1694 ·
799 1666 868 1701 His
899 1666 1047 1701 testibus
1070 1687 1076 1693 ·
1101 1665 1255 1712 Hugone
1287 1664 1411 1699 abbate
1443 1664 1486 1698 de
1514 1662 1693 1698 Neubotle
1716 1681 1722 1688 ·

259 1728 409 1774 Symone
445 1727 687 1763 archidiacono
722 1727 937 1774 Glasguensi
965 1748 971 1754 ·
1001 1726 1107 1761 Helia
1133 1747 1139 1752 -
1167 1725 1332 1772 magistro
1363 1724 1524 1760 Johanne
1552 1744 1558 1750 ·
1588 1722 1721 1757 Helia-

257 1787 418 1835 Philippo
444 1808 450 1814 ·
474 1787 572 1822 Beda
598 1811 605 1815 -
633 1788 727 1834 Eng’
750 1809 756 1815 ·
786 1787 966 1822 Herberto
989 1807 995 1813 ·
1019 1786 1193 1821 canonicis
1224 1786 1267 1820 de
1290 1784 1427 1832 Glasgu
1449 1805 1455 1811 ·
1480 1783 1656 1818 Willelmo
1688 1788 1721 1817 et

258 1847 416 1883 Waltero
433 1848 568 1883 clericis
587 1848 741 1896 episcopi
762 1869 768 1874 -
794 1848 909 1883 Alano
928 1847 1084 1895 dapifero
1105 1847 1215 1894 Regis
1237 1867 1243 1873 ·
1266 1845 1502 1881 Erkembaldo
1529 1844 1573 1879 de
1601 1843 1722 1879 Duueu

257 1908 332 1955 glas
354 1928 361 1934 ·
385 1908 542 1943 Roberto
569 1908 612 1943 de
640 1908 869 1955 Mungumbri
891 1930 897 1935 -
921 1908 1076 1954 Hugone
1096 1908 1139 1942 de
1160 1907 1315 1942 Paduine
1338 1928 1344 1933 ·
1369 1906 1575 1942 Alexandro
1604 1917 1722 1940 senes-

259 1969 357 2004 caldo
376 1969 529 2017 episcopi
551 1991 556 1995 -

261 2153 368 2190 Carta
385 2153 560 2188 Florencii
579 2152 683 2188 electi
702 2152 745 2187 de
765 2153 851 2188 tofto
869 2152 905 2187 in
928 2152 1063 2199 Glasgu

260 2246 484 2313 Florencius
503 2277 575 2313 Dei
593 2278 710 2324 gracia
732 2277 977 2325 Glasguiensis
997 2278 1128 2313 electus
1148 2277 1320 2312 Vniuersis
1339 2283 1457 2312 sancte
1476 2278 1594 2312 matris
1613 2276 1721 2312 eccle-

260 2338 309 2373 sie
336 2338 415 2385 filijs
445 2344 513 2374 tam
543 2339 694 2386 posteris
725 2352 825 2386 quam
855 2339 1077 2386 presentibus
1100 2360 1105 2365 ·
1129 2339 1274 2374 salutem
1304 2339 1338 2373 in
1372 2338 1454 2386 Xpo
1477 2359 1483 2365 ·
1508 2338 1629 2374 Sciatis
1660 2350 1722 2372 nos
