1922 2764
590 218 632 254 B.
660 218 708 254 V.
735 217 905 253 MARIE
933 217 1002 253 ET
1030 218 1066 254 S.
1095 218 1255 253 ANNE.
1590 221 1656 253 143

198 316 241 350 ad
269 316 407 350 Portam
427 316 629 351 Australem
655 328 700 351 ex
726 321 825 363 parte
850 314 1036 362 posteriori
1062 314 1254 349 tenementi
1283 315 1408 350 Sancte
1433 314 1540 350 Anne
1559 321 1595 351 et
1612 327 1658 351 ex

196 381 294 423 parte
310 376 515 412 occidentali
529 376 718 412 eommunis
733 376 788 411 vie
805 385 814 412 Ι
830 375 921 410 inter
935 381 1046 410 terras
1059 375 1082 411 J
1086 374 1230 410 ohannis
1250 375 1341 409 Park
1355 387 1400 410 ex
1418 376 1548 410 boreali
1564 385 1573 412 l
1589 382 1657 411 ter-

196 449 252 472 ras
270 436 390 471 Dauid
410 437 517 484 Wyly
536 450 582 472 ex
600 436 806 472 occidentali
822 445 832 474 Ι
847 443 958 472 terras
984 436 1006 472 J
1010 436 1155 471 ohannis
1176 435 1343 470 Watsone
1370 449 1415 471 ex
1441 436 1581 471 australi
1598 446 1607 473 Ι
1623 443 1659 472 et

196 503 307 533 terras
326 497 418 532 dicte
439 497 635 544 Collegiate
663 497 822 533 Ecclesie
850 510 894 532 ex
921 496 1080 532 orientali
1106 496 1260 544 partibus
1277 505 1286 532 Ι
1303 496 1350 531 Et
1375 496 1502 531 ibidem
1529 497 1657 532 dictum

195 562 330 593 vastum
343 557 379 592 in
393 557 550 592 manibus
565 558 648 592 dicti
662 557 780 592 balliui
795 557 829 592 in
843 557 998 592 fauorem
1017 557 1166 592 Dauidis
1182 556 1307 604 Lyone
1322 557 1407 591 ciuis
1425 557 1657 604 Glasguensis

195 624 232 654 et
247 618 271 655 J
273 623 377 653 onete
397 617 579 665 Campbell
598 618 782 665 coniugum
802 618 1016 665 resignauit·
1041 618 1122 659 Qua
1139 617 1376 664 resignatione
1395 617 1444 652 sic
1460 617 1551 652 facta
1568 618 1659 652 idem

194 679 342 714 balliuus
361 684 487 714 statum
501 685 537 714 et
551 679 710 714 saisinam
728 679 957 714 hereditarios
971 679 1053 714 dicti
1068 678 1156 714 vasti
1173 678 1316 725 prefatis
1336 678 1465 713 Dauidi
1481 684 1516 713 et
1528 678 1551 715 J
1554 685 1657 713 onete

194 739 401 787 coniugibus
427 746 464 775 et
493 752 611 775 eorum
638 740 739 775 alteri
765 740 894 775 diutius
921 740 1054 775 viuenti
1081 740 1116 774 in
1147 739 1332 775 coniuncta
1360 739 1596 774 infeodatione
1623 745 1659 774 et

194 801 382 837 heredibus
400 800 491 836 inter
505 800 598 847 ipsos
616 799 787 847 legittime
806 800 997 848 procreatis
1015 813 1078 836 seu
1091 799 1316 848 procreandis
1332 808 1342 837 Ι
1357 799 1481 847 quibus
1495 799 1657 834 deficien-

193 861 286 897 tibus
300 861 487 897 heredibus
503 860 586 896 dicti
605 860 754 896 Dauidis
769 861 1031 909 quibuscunque
1048 869 1057 898 l
1074 867 1110 896 et
1126 861 1192 896 hoc
1206 861 1240 895 in
1255 860 1449 896 feudifirma
1464 869 1473 897 l
1489 860 1658 895 soluendo

193 921 371 957 annuatim
396 921 488 957 dicte
511 921 671 956 Ecclesie
692 921 889 968 Collegiate
916 934 1081 957 summam
1107 921 1291 957 duodecim
1316 921 1504 957 solidorum
1524 927 1560 957 et
1577 934 1657 969 qua-

193 988 273 1018 tuor
291 982 511 1018 denariorum
527 990 536 1019 Ι
552 988 733 1017 reseruata
749 982 968 1029 longitudine
987 983 1139 1031 quinque
1163 983 1289 1030 pedum
1309 995 1354 1018 ex
1373 983 1533 1018 orientali
1558 990 1657 1030 parte

194 1043 278 1078 dicti
304 1043 393 1078 vasti
422 1055 486 1091 pro
516 1042 642 1078 cloacis
673 1043 866 1078 tenementi
898 1043 1023 1079 Sancte
1052 1043 1159 1079 Anne
1188 1043 1379 1091 purgandis
1395 1052 1405 1080 Ι
1421 1043 1630 1079 deliberauit
1650 1064 1656 1070 ·

195 1103 422 1140 Presentibus
448 1103 577 1139 ibidem
601 1103 761 1139 discretis
787 1103 870 1139 viris
888 1103 1048 1140 Johanne
1069 1104 1180 1139 Sellar
1199 1110 1235 1139 et
1253 1104 1370 1139 Dauid
1392 1104 1559 1140 Watsone
1586 1116 1656 1139 ser-

194 1165 305 1200 iandis
325 1164 475 1200 Patricio
497 1164 665 1212 Sympille
682 1164 705 1201 J
708 1165 816 1200 acobo
835 1164 976 1212 Hal-per
995 1171 1031 1200 et
1047 1165 1070 1202 J
1073 1165 1180 1200 acobo
1201 1165 1368 1213 Sympille
1387 1165 1525 1200 seniore

292 1287 362 1323 ET
385 1286 496 1323 EGO
517 1286 671 1322 Thomas
691 1286 796 1321 Knox
811 1285 957 1321 clericus
975 1285 1208 1333 Glasguensis
1222 1285 1370 1321 ciuitatis
1388 1284 1547 1333 publicus
1561 1297 1657 1320 sacra

293 1348 498 1384 auctoritate
518 1347 724 1396 Apostolica
740 1347 895 1382 notarius
948 1346 1041 1388 Quia
1061 1345 1157 1394 [eta]

686 1444 840 1480 Thomas
859 1444 966 1480 Knox
982 1443 1137 1480 notarius
1156 1443 1360 1491 subscripsit
