1922 2764
637 248 677 283 B.
706 249 752 283 V.
781 247 950 284 MARIE
979 249 1046 284 ET
1075 251 1109 285 S.
1140 251 1296 286 ANNE.
1629 260 1670 295 19

208 344 474 390 prostrationem
493 345 591 379 vobis
618 345 816 380 beatissimo
842 347 931 393 patri
959 346 1051 393 Pape
1067 355 1077 383 l
1093 360 1131 382 ac
1149 348 1247 382 vobis
1270 351 1561 386 reuerendissimo
1580 354 1668 399 patri

209 404 485 452 Archiepiscopo
503 406 720 441 reuerentias
739 419 813 441 cum
834 407 926 441 omni
951 407 1166 443 subiectione
1186 414 1222 442 et
1239 408 1370 444 honore
1391 416 1486 445 tanto
1505 425 1669 447 reueren-

210 464 351 499 dissimo
363 466 452 512 patri
464 466 616 501 debitas·
634 467 839 502 Beatissime
852 480 913 502 seu
925 467 1027 502 etiam
1039 469 1331 504 reuerendissime
1343 472 1539 517 respectiue
1554 479 1669 519 patres

209 531 246 559 vt
271 525 409 560 diuinus
436 526 549 561 cultus
577 533 612 562 et
638 527 871 562 ministrorum
899 540 1064 563 numerus
1091 529 1124 563 in
1147 529 1343 576 Collegiata
1371 531 1529 566 Ecclesia
1556 532 1669 568 Marie

208 598 345 632 semper
358 586 517 633 Virginis
530 594 566 622 et
580 587 684 622 Anne
698 589 817 623 matris
832 588 906 623 eius
922 589 1107 623 Beatarum
1124 598 1132 625 l
1149 590 1292 625 fundata
1303 597 1501 626 constructa
1513 600 1670 639 reparata

208 652 244 680 et
262 652 378 681 erecta
395 647 485 682 infra
503 647 678 683 ciuitatem
701 648 956 695 Glasguensem
977 662 1040 696 per
1059 650 1240 696 egregium
1267 664 1461 698 magneque
1488 653 1670 699 probitatis

208 712 244 741 et
269 707 438 742 industrie
465 708 577 742 virum
604 709 803 756 magistrum
831 710 999 745 Jacobum
1028 710 1237 745 Houstoune
1263 712 1496 747 subdecanum
1523 713 1669 748 ecclesie

207 767 472 814 metropolitane
504 768 736 815 Glasguensis
753 779 761 805 s
778 769 861 804 inibi
890 771 1041 805 Domino
1070 771 1150 806 Deo
1178 771 1361 807 Altissimo
1386 773 1669 809 famulaturorum

207 834 371 874 quantum
390 828 424 862 in
443 841 497 863 me
519 835 572 864 est
588 838 597 865 l
614 830 657 864 ob
675 830 897 865 deuotionem
916 844 1015 878 quam
1038 844 1123 878 erga
1150 832 1297 867 Mariam
1325 845 1464 880 semper
1485 834 1669 881 Virginem

207 887 279 922 Dei
297 894 333 923 et
351 888 494 923 Domini
512 889 621 924 nostri
639 890 750 926 Jhesu
767 891 896 926 Christi
915 892 1121 938 genitricem
1141 898 1176 926 et
1199 893 1336 928 Annam
1351 894 1506 929 eiusdem
1525 901 1668 930 matrem

209 948 333 984 Beatas
349 957 358 985 Ι
374 949 465 984 dicte
482 950 640 985 Ecclesie
657 950 853 997 Collegiate
872 957 1034 998 patronas
1048 953 1230 999 precipuas
1248 962 1256 989 l
1272 966 1358 1000 gero
1375 954 1585 1001 singularem
1603 965 1611 991 l
1629 969 1669 990 eo

207 1010 351 1057 amplius
366 1017 535 1057 augeatur
567 1011 709 1046 Vicarie
725 1025 800 1047 mee
814 1019 984 1060 perpetue
1000 1013 1091 1047 dicte
1106 1013 1330 1060 parrochialis
1346 1014 1493 1050 ecclesie
1510 1015 1553 1050 de
1570 1015 1669 1062 May-

206 1070 289 1105 boill
303 1071 405 1106 michi
420 1071 585 1107 canonice
600 1072 724 1107 collate
742 1082 750 1109 Ι
767 1079 803 1108 et
817 1086 878 1120 per
896 1086 950 1108 me
967 1074 1010 1107 de
1029 1073 1184 1120 presenti
1200 1074 1342 1109 obtente
1359 1083 1368 1110 l
1386 1087 1525 1109 exnunc
1540 1088 1579 1110 ac
1593 1088 1669 1110 cuni

206 1137 242 1166 et
259 1132 506 1179 quamprimum
527 1133 601 1180 ipsa
620 1146 695 1168 mea
712 1133 840 1168 vicaria
857 1141 1026 1181 perpetua
1044 1147 1107 1181 per
1126 1135 1305 1169 decessum
1326 1135 1382 1169 vel
1402 1148 1534 1170 cessum
1556 1148 1668 1171 meum

208 1205 268 1227 seu
288 1193 443 1240 quamuis
467 1193 566 1228 aliam
593 1194 747 1229 eiusdem
767 1195 1000 1230 dimissionem
1019 1195 1075 1229 vel
1095 1195 1312 1229 amissionem
1335 1209 1397 1242 per
1420 1209 1473 1231 me
1496 1197 1539 1231 de
1558 1197 1616 1230 illa
1634 1196 1668 1230 in

208 1253 364 1288 Romana
379 1254 473 1289 ouria
492 1267 553 1289 seu
573 1261 671 1290 extra
687 1268 760 1289 eam
780 1263 815 1290 et
834 1255 866 1289 in
887 1256 1041 1302 partibus
1056 1255 1248 1290 faciendam
1267 1262 1325 1290 aut
1343 1256 1425 1290 alias
1444 1256 1670 1303 quouismodo

206 1327 328 1349 vacare
346 1315 533 1361 contigerit
548 1324 557 1351 Ι
574 1315 621 1350 Et
639 1315 729 1350 illius
744 1316 915 1350 fructuum
931 1316 1128 1350 reddituum
1147 1322 1378 1362 prouentuum
1395 1317 1523 1363 jurium
1539 1318 1668 1352 obuen-

205 1374 336 1409 tionum
356 1382 392 1410 et
410 1376 708 1410 emolimentorum
727 1377 966 1411 vniuersorum
996 1377 1042 1411 Et
1066 1377 1108 1410 ad
1135 1377 1225 1410 illam
1246 1377 1288 1411 de
1313 1377 1391 1423 jure
1411 1378 1467 1412 vel
1486 1384 1668 1413 consuetu—

206 1435 286 1470 dine
305 1442 363 1470 aut
381 1436 463 1470 alias
482 1437 740 1483 quomodolibet
759 1437 987 1483 spectantium
1008 1437 1213 1472 Accedente
1233 1444 1345 1472 tamen
1366 1438 1409 1472 ad
1427 1438 1492 1472 hoc
1510 1439 1668 1485 primitus

206 1509 377 1532 consensu
405 1503 440 1532 et
466 1510 610 1532 assensu
641 1498 891 1532 venerabilium
919 1504 954 1532 et
984 1497 1223 1540 religiosarum
1256 1498 1436 1532 mulierum
1457 1508 1463 1535 l
1484 1499 1649 1533 videlicet
1665 1517 1668 1533 s

206 1557 388 1592 Elizabeth
422 1557 536 1592 Home
564 1558 728 1605 priorisse
758 1565 793 1593 et
821 1565 1014 1593 conuentus
1045 1558 1087 1592 de
1117 1558 1359 1593 Northbervik
1388 1559 1518 1594 ordinis
1552 1560 1668 1595 Sancti

207 1617 389 1653 Benedicti
423 1618 670 1654 Sanctiandree
702 1619 850 1653 diocesis
885 1619 976 1654 dicte
1012 1619 1140 1653 vicarie
1176 1626 1345 1666 perpetue
1381 1620 1541 1666 quotiens
1576 1621 1667 1655 illam

205 1691 327 1713 vacare
350 1679 536 1725 contigerit
563 1686 784 1726 patronarum
807 1680 1041 1714 indubitarum
1059 1689 1066 1715 s
1084 1679 1245 1714 diuisioni
1265 1680 1472 1727 separationi
1491 1682 1667 1727 partitioni

205 1745 240 1774 et
254 1739 530 1774 dimembrationi
548 1740 658 1787 primo
675 1740 722 1775 Et
736 1740 863 1775 deinde
878 1746 1058 1787 postquam
1074 1741 1206 1775 fructus
1226 1741 1418 1775 huiusmodi
1434 1741 1535 1775 diuisi
1550 1742 1664 1788 partiti

205 1800 353 1846 separati
385 1806 420 1835 et
450 1801 667 1835 dimembrati
700 1801 905 1848 Apostolica
935 1814 997 1835 seu
1028 1801 1200 1835 ordinaria
1232 1801 1428 1848 respectiue
1460 1802 1664 1836 auctoritate

202 1860 333 1895 fuerint
349 1869 357 1897 l
373 1861 473 1896 vnius
492 1861 609 1896 vicarii
628 1862 838 1908 pensionarii
858 1862 892 1895 in
912 1862 1004 1896 dicta
1030 1861 1235 1908 parrochiali
1254 1862 1401 1896 ecclesia
1418 1871 1426 1897 s
1443 1862 1499 1908 qui
1520 1868 1555 1896 et
1573 1862 1664 1896 illius

204 1933 243 1955 ac
257 1921 445 1956 animarum
460 1921 638 1968 vtriusque
654 1935 758 1956 sexus
776 1922 1079 1968 parrochianorum
1095 1922 1249 1956 eiusdem
1266 1934 1380 1956 curam
1400 1922 1433 1956 in
1450 1935 1486 1957 se
1502 1924 1665 1970 suscipiet

205 1988 240 2016 et
265 1981 300 2016 in
328 1982 386 2016 illa
413 1982 590 2017 deseruiet
616 1983 846 2029 personaliter
863 1991 871 2017 l
888 1988 1057 2028 perpetue
1076 1982 1242 2016 creationi
1264 1982 1317 2016 Ex
1337 1982 1427 2017 dicte
1447 1983 1610 2029 priorisse
1631 1991 1665 2019 et

205 2049 397 2077 conuentus
428 2049 464 2078 et
495 2043 779 2077 successatricum
812 2055 947 2076 suarum
982 2048 1202 2089 patronarum
1235 2042 1467 2088 predictarum
1499 2044 1664 2090 quociens

205 2103 349 2138 eandem
370 2103 529 2137 vicariam
557 2103 809 2149 pensionariam
833 2115 955 2137 vacare
976 2103 1163 2149 contigerit
1189 2103 1448 2149 presentatione
1476 2104 1523 2139 Et
1547 2111 1663 2140 vestre

204 2163 494 2198 reuerendissime
509 2163 726 2210 paternitatis
742 2163 1006 2210 Archiepiscopi
1023 2172 1031 2198 Ι
1048 2169 1084 2197 et
1097 2175 1334 2197 successorum
1348 2170 1541 2199 vestrorum
1555 2165 1664 2200 eccle—

204 2224 253 2258 sie
276 2223 507 2269 Glasguensis
528 2223 880 2270 Archiepiscoporum
903 2236 966 2270 pro
986 2229 1140 2270 tempore
1161 2223 1384 2258 existentium
1401 2233 1410 2260 l
1426 2225 1609 2261 collatione
1629 2233 1664 2261 et

205 2285 423 2319 institutione
451 2284 624 2318 ordinaria
645 2283 769 2318 fiendis
786 2292 793 2319 Ι
810 2284 867 2330 qui
893 2289 928 2318 et
954 2296 1016 2330 pro
1041 2290 1196 2331 tempore
1224 2284 1378 2319 existens
1405 2285 1554 2320 vicarius
1580 2299 1663 2333 penu
