1922 2764
70 1237 202 1271 xxxiiii.

257 212 327 243 258
848 210 1129 245 APPENDIX.

256 318 372 353 sencia
386 318 556 353 discretus
571 319 623 353 vir
642 319 800 354 dominus
816 319 992 353 Walterus
1008 319 1178 354 Falconer
1191 319 1391 366 capellanus
1413 340 1419 346 -
1442 319 1594 366 quinque
1612 320 1716 355 rodas

255 385 424 414 terrarum
440 379 597 425 jacentes
616 379 649 413 in
666 379 698 414 le
719 379 831 414 Crobs
850 379 941 414 inter
959 386 1070 414 terras
1085 380 1290 415 vicariorum
1310 380 1404 415 chori
1423 380 1655 427 Glasguensis
1670 394 1714 416 ex

255 439 414 474 orientali
433 445 468 475 et
485 445 596 474 terras
617 440 762 475 Roberti
796 440 959 487 Hugonis
978 452 1024 474 ex
1042 440 1247 475 occidentali
1274 441 1429 488 partibus
1451 461 1457 467 ·
1481 441 1715 477 extendentes

254 501 287 535 in
303 501 522 547 longitudine
537 514 556 535 a
570 501 624 535 via
638 514 705 548 que
720 501 815 536 ducit
828 501 870 536 ad
888 501 1056 536 Partwich
1072 514 1115 536 ex
1134 502 1255 536 boriali
1273 509 1371 550 parte
1387 509 1422 537 et
1440 508 1550 537 terras
1572 502 1714 537 Domini

255 562 419 609 Episcopi
433 561 665 609 Glasguensis
677 574 743 608 que
756 562 974 609 appellantur
990 562 1267 608 Rammyshorne
1283 576 1327 599 ex
1342 563 1482 598 australi
1497 569 1594 610 parte
1617 585 1623 590 -
1646 577 1666 598 a
1678 577 1714 599 se

255 629 290 657 et
307 623 495 658 heredibus
514 623 583 657 suis
605 644 611 650 -
633 623 780 670 prouido
799 630 834 658 et
851 623 1044 658 honorabili
1063 624 1138 658 viro
1161 644 1167 650 ·
1191 623 1326 659 Thome
1358 624 1520 671 Hugonis
1547 625 1714 671 burgensi

254 684 403 719 ciuitatis
421 684 653 731 Glasguensis
676 704 682 710 ·
705 684 863 719 vendidit
884 705 890 711 ·
915 684 1006 719 Aeta
1025 691 1124 719 erant
1137 685 1201 719 hec
1216 685 1305 732 apud
1326 685 1499 720 ciuitatem
1518 685 1715 733 Glasguen-

255 758 326 780 sem
356 746 578 793 presentibus
609 746 735 781 ibidem
767 745 921 792 prouidis
953 751 989 780 et
1019 745 1179 780 discretis
1211 745 1293 780 viris
1329 745 1474 781 Andrea
1506 746 1714 782 Ottirburne

257 807 415 853 Georgio
436 807 603 853 Robyson
649 806 845 842 Cuthberto
866 806 1133 840 Alexanderson
1154 812 1189 840 et
1213 806 1351 840 domino
1369 806 1529 842 Johanne
1551 806 1715 854 Hugonis

254 881 329 902 cum
357 868 504 902 diuersis
531 868 606 902 aliis
633 868 779 902 testibus
802 888 808 894 ·
829 867 990 903 Johanne
1018 866 1061 901 de
1081 866 1290 901 Thorntoun
1314 867 1546 914 Glasguensis
1566 867 1715 902 diocesis

254 929 449 976 presbitero
467 928 601 963 notario
619 928 757 975 publico
780 948 786 955 ·

254 1112 526 1146 Instrumentum
545 1111 647 1157 annuj
669 1110 825 1145 redditus
853 1110 923 1157 xiiij
953 1110 1139 1144 solidorum
1158 1109 1202 1144 de
1221 1115 1297 1144 orto
1317 1109 1452 1145 Thome
1473 1110 1592 1146 Schaw

254 1205 308 1271 In
328 1236 466 1271 nomine
482 1236 623 1282 Dominj
640 1248 737 1270 amen
782 1235 848 1269 Per
862 1235 927 1269 hoc
942 1235 1205 1270 instrumentum
1222 1241 1338 1282 pateat
1353 1235 1443 1282 quod
1459 1248 1549 1270 anno
1569 1235 1711 1282 Dominj

253 1298 433 1332 millesimo
448 1296 727 1344 quingentesimo
742 1296 862 1343 quinto
875 1296 1062 1331 secundum
1076 1296 1155 1330 olim
1172 1296 1272 1342 regni
1287 1296 1406 1331 Scocie
1419 1296 1713 1343 computacionem

253 1359 308 1393 die
328 1371 412 1393 uero
431 1358 689 1405 decimoquarto
716 1357 844 1391 mensis
870 1357 1025 1404 Januarij
1072 1357 1111 1391 In
1132 1357 1198 1404 mej
1219 1357 1342 1404 notarij
1374 1357 1500 1404 publicj
1522 1364 1557 1392 et
1575 1357 1712 1392 testium

253 1420 522 1466 subscriptorum
554 1419 732 1466 presentia
761 1418 932 1453 discretus
959 1418 1011 1453 vir
1044 1418 1278 1453 Archibaldus
1307 1418 1498 1453 Watsoune
1529 1419 1715 1465 burgensis

256 1481 486 1527 Glasguensis
518 1480 787 1528 quatuordecem
820 1480 948 1514 solidos
979 1480 1082 1526 annuj
1114 1479 1270 1514 redditus
1301 1479 1344 1514 de
1364 1480 1510 1526 quodam
1542 1486 1617 1515 orto
1637 1492 1711 1514 cum

252 1542 471 1588 pertinentijs
493 1541 632 1588 jacente
660 1541 748 1575 infra
766 1541 978 1575 territorium
1002 1540 1226 1586 Glasguense
1257 1540 1290 1575 in
1323 1541 1492 1575 communi
1512 1541 1567 1575 via
1587 1541 1712 1576 Sancte

253 1602 384 1638 Tenew
403 1603 570 1637 tendente
590 1615 609 1637 a
629 1602 743 1637 Cruce
763 1602 879 1637 Forali
908 1602 950 1636 ad
969 1602 1119 1648 capellas
1141 1602 1342 1636 Sanctorum
1364 1601 1499 1637 Thome
1526 1608 1562 1637 et
1581 1602 1713 1637 Tenew

252 1671 405 1700 matrone
425 1678 470 1699 ex
488 1665 628 1699 australi
647 1670 745 1711 parte
765 1664 846 1698 dicti
865 1664 930 1710 vicj
951 1663 1042 1698 inter
1061 1670 1171 1697 terras
1200 1663 1371 1709 quondam
1392 1663 1504 1698 Elene
1526 1664 1646 1698 Swane
1667 1676 1712 1698 ex

251 1727 410 1762 orientali
429 1728 471 1762 ab
490 1740 557 1762 vna
576 1734 611 1761 et
629 1734 739 1761 terras
757 1726 927 1762 Johannis
948 1724 1135 1760 Woddroff
1161 1737 1207 1759 ex
1226 1724 1429 1759 occidentali
1449 1725 1491 1759 ab
1510 1725 1619 1760 altera
1637 1737 1711 1772 par-

251 1789 341 1823 tibus
360 1789 392 1822 in
414 1788 570 1823 manibus
601 1788 719 1822 Dauid
747 1787 937 1834 Lyndezae
956 1786 1058 1821 vnius
1084 1785 1289 1820 balliuorum
1309 1785 1458 1820 ciuitatis
1479 1785 1711 1832 Glasguensis

251 1863 312 1896 pro
341 1857 496 1897 tempore
525 1849 718 1896 resignauit
735 1849 769 1882 in
801 1848 953 1882 fauorem
983 1847 1118 1881 Thome
1140 1847 1259 1881 Schaw
1278 1853 1314 1881 et
1330 1847 1459 1883 Jonete
1481 1847 1613 1882 Schelis
1633 1859 1712 1881 con-

251 1912 366 1958 iugum
395 1925 457 1958 pro
477 1911 652 1946 solucione
680 1910 761 1944 inde
788 1910 902 1945 fienda
919 1919 928 1946 Ι
946 1909 1038 1944 Acta
1057 1915 1155 1944 erant
1181 1909 1246 1944 hec
1275 1909 1308 1943 in
1327 1908 1521 1943 huiusmodi
1541 1915 1617 1943 orto
1635 1921 1713 1956 pre-

251 1973 405 2007 sentibus
436 1973 562 2007 ibidem
592 1972 756 2018 magistro
787 1971 947 2007 Johanne
981 1970 1149 2017 Murraye
1197 1970 1359 2005 Gilberto
1389 1969 1499 2004 Sellar
1549 1969 1710 2005 Johanne

252 2033 455 2068 Huchisone
475 2040 510 2068 et
527 2033 687 2069 Johanne
708 2032 825 2067 Nicoll
844 2032 970 2066 chente
990 2044 1065 2066 cum
1086 2031 1234 2065 diuersis
1260 2031 1335 2078 alijs
1353 2031 1500 2066 testibus
1522 2051 1529 2057 ·
1550 2030 1711 2067 Johanne

252 2094 338 2128 Blak
357 2095 483 2128 arcium
504 2094 667 2139 magistro
686 2093 881 2140 presbitero
904 2091 1137 2139 Glasguensis
1156 2091 1304 2126 diocesis
1323 2091 1457 2126 notario
1476 2091 1613 2139 publico
1635 2112 1641 2118 ·
