1922 2764
628 283 670 318 B.
699 283 745 317 V.
774 282 943 318 MARIE
970 282 1039 317 ET
1068 283 1102 318 S.
1132 283 1290 330 ANNE.
1638 286 1684 321 65

324 381 372 416 Et
398 394 465 428 ego
489 381 642 416 Thomas
670 381 775 416 Knox
801 381 947 416 clericus
969 381 1201 428 Glasguensis
1228 381 1376 416 ciuitatis
1403 383 1561 428 publicus
1589 396 1684 418 sacra

324 442 528 477 auctoritate
557 442 761 490 Apostolica
786 442 939 477 notarius
968 441 1061 482 Quia
1089 440 1266 488 premissis
1294 441 1452 476 omnibus
1478 449 1513 477 et
1540 443 1684 490 singulis

322 502 401 536 dum
422 504 470 537 sic
488 509 525 537 vt
542 502 752 550 premittitur
778 508 965 549 agerentur
984 502 1184 537 dicerentur
1203 507 1238 536 et
1254 502 1381 537 fierent
1397 514 1543 537 vnacum
1560 516 1684 549 preno-

324 562 460 597 minatis
479 563 625 598 dominis
652 563 794 598 notariis
813 569 848 598 et
865 562 1011 598 testibus
1036 575 1182 610 presens
1207 562 1350 597 interfui
1376 562 1497 609 anue
1519 563 1632 597 omnia
1650 570 1685 598 et.

324 623 460 670 singula
478 623 527 658 sic
544 624 620 658 fieri
638 624 709 658 vidi
727 624 812 658 sciui
830 629 866 659 et
882 623 998 658 audiui
1016 636 1055 658 ac
1073 623 1108 657 in
1126 629 1241 657 notam
1257 622 1333 669 cepi
1352 623 1506 670 Ideoque
1525 623 1590 657 hoc
1608 636 1684 670 pre-

324 697 404 718 sens
428 684 603 731 publicum
627 684 850 731 transsumpti
877 697 939 719 seu
964 683 1161 730 transcripti
1187 683 1455 718 instrumentum
1482 695 1583 717 manu
1610 695 1685 717 mea

323 744 473 779 fideliter
500 745 665 792 scriptum
683 745 810 780 exinde
829 744 962 780 confeci
981 751 1017 780 et
1033 745 1068 779 in
1086 744 1174 779 hanc
1205 743 1376 790 publicam
1395 744 1536 778 formam
1563 743 1685 790 redegi

326 804 502 852 Signoque
521 811 557 840 et
574 805 712 840 nomine
730 805 816 840 meis
835 805 944 840 solitis
959 811 994 840 et
1012 805 1186 840 consuetis
1205 805 1340 852 signaui
1358 810 1500 852 rogatus
1520 810 1555 839 et
1572 804 1685 850 requi-

324 865 410 899 situs
428 865 461 899 in
481 865 583 900 fidem
602 871 638 900 et
656 866 888 900 testimonium
908 866 1064 901 veritatis
1082 865 1233 900 omnium
1251 871 1287 900 et
1305 865 1519 912 singulorum
1543 865 1684 912 premis-

324 938 437 960 sorum

568 1011 720 1046 Thomas
740 1011 844 1046 Knox
862 1012 1016 1046 notarius
1035 1023 1135 1046 manu
1154 1011 1293 1058 propria
