1922 2764
247 282 312 313 132
571 274 726 310 LIBER
753 274 1000 310 ECCLESIE
1030 273 1369 309 COLLEGIATE

242 375 381 410 Morum
409 380 562 408 nostrum
591 386 635 408 ex
662 372 866 407 occidentali
893 371 1023 406 borcali
1044 376 1079 405 et
1097 370 1256 405 orientali
1275 370 1429 417 partibus
1446 378 1454 405 Ι
1472 369 1518 404 Et
1537 370 1602 404 alie
1622 377 1699 405 octo

241 449 320 471 acre
344 436 461 482 jacent
486 447 529 469 ex
556 440 653 481 parte
680 433 810 467 boreali
830 432 911 466 dicti
939 431 1024 465 mori
1052 431 1214 477 contigue
1233 430 1431 464 adiacentes
1450 430 1552 464 terris
1571 430 1699 464 domini

242 495 429 531 subdecani
460 493 691 541 Glasguensis
717 493 892 539 wlgariter
922 491 1127 538 nuncupatis
1153 499 1161 526 l
1185 490 1263 525 The
1292 491 1432 525 Wester
1462 490 1623 537 Craiggis
1640 491 1698 526 lin

242 555 460 603 longitudine
477 563 485 591 l
503 560 538 588 et
563 553 672 588 nostri
699 565 795 587 moro
819 565 863 586 ex
888 550 1092 586 occidentali
1120 557 1155 584 et
1181 550 1321 585 australi
1347 551 1501 597 partibus
1519 559 1527 587 l
1544 557 1579 585 et
1597 551 1699 586 terris

243 615 468 650 Thesaurarii
489 613 720 660 Glasguensis
739 626 783 647 ex
802 612 960 647 orientali
987 616 1084 657 parte
1107 631 1113 637 ·
1138 610 1326 645 Tenendas
1345 617 1380 646 et
1397 611 1573 646 habendas
1591 612 1700 647 dictas

242 676 419 711 sexdecim
431 688 525 710 acras
538 681 708 709 terrarum
724 682 732 709 l
750 673 822 707 siue
838 672 931 706 Mori
948 671 1135 705 Furcarum
1152 680 1161 707 l
1178 671 1320 718 prefatis
1332 672 1528 706 subdecano
1541 677 1576 706 et
1588 672 1699 719 capel-

240 736 327 771 lanis
342 742 378 770 et
392 736 461 770 suis
480 734 736 769 successoribus
752 733 1005 779 imperpetuum
1022 740 1030 767 Ι
1047 744 1066 766 a
1081 731 1178 766 nobis
1194 737 1229 766 et
1243 732 1500 766 successoribus
1515 733 1641 767 nostris
1656 733 1699 767 de

240 796 374 843 prefato
389 794 681 830 reuerendissimo
698 799 796 840 patre
812 798 847 827 et
865 805 928 839 pro
943 798 1098 839 tempore
1114 792 1288 826 existente
1304 791 1579 838 Archiepiscopo
1598 792 1699 827 Glas—

239 857 363 903 guensi
377 865 385 892 Ι
399 856 432 890 in
448 868 566 902 puram
582 860 617 889 et
630 859 832 900 perpetuam
849 852 1061 887 elimosinam
1075 859 1112 886 vt
1126 852 1337 899 premittitur
1353 865 1429 886 cum
1443 852 1614 887 vniuersis
1630 853 1699 887 suis

236 916 370 962 juribus
398 922 433 950 et
459 914 678 962 pertinentiis
702 934 707 939 ·
732 913 928 947 Reddendo
947 919 982 947 et
1001 913 1158 948 faciendo
1178 913 1257 947 inde
1281 913 1456 947 annuatim
1475 913 1555 947 dicti
1576 914 1698 949 subde-

240 989 346 1011 canus
360 982 395 1011 et
409 975 576 1022 capellani
593 986 780 1020 corumque
796 985 1015 1008 successores
1030 973 1283 1020 imperpetuum
1300 981 1309 1009 l
1325 973 1516 1008 orationum
1536 974 1699 1020 suffragia

239 1037 440 1071 deuotarum
469 1049 531 1082 pro
550 1035 642 1069 dicto
659 1034 952 1069 reuerendissimo
978 1039 1076 1080 patre
1095 1034 1245 1080 capitulo
1271 1034 1370 1068 nobis
1389 1039 1425 1068 et
1443 1034 1698 1068 successoribus

238 1098 364 1132 nostris
386 1118 392 1123 ·
418 1097 456 1130 In
476 1096 572 1130 cuius
590 1096 640 1129 rei
655 1094 888 1130 testimonium
909 1094 1058 1139 sigillum
1078 1100 1233 1128 nostrum
1248 1106 1427 1128 commune
1445 1093 1525 1128 huic
1543 1095 1697 1140 presenti

237 1163 330 1192 carte
350 1163 466 1192 nostre
482 1162 536 1191 est
549 1168 738 1203 appensum
755 1163 764 1191 l
780 1155 870 1201 apud
888 1155 1061 1189 ciuitatem
1081 1154 1337 1201 Glasguensem
1356 1154 1412 1188 die
1429 1160 1550 1201 quarto
1569 1154 1696 1189 mensis

238 1217 323 1252 Maii
339 1230 428 1251 anno
446 1216 587 1251 Domini
606 1215 787 1250 millesimo
802 1215 1080 1262 quingentesimo
1096 1215 1358 1261 vigesimonono
1380 1235 1386 1241 -
1411 1214 1536 1249 Coram
1551 1214 1615 1249 hiis
1629 1221 1697 1250 tes-

237 1278 328 1312 tibus
348 1277 485 1311 domino
506 1277 657 1311 Ricardo
674 1276 891 1311 Otterburne
909 1276 1041 1312 Jacobo
1062 1275 1181 1310 Schaw
1200 1275 1388 1322 capellanis
1406 1275 1565 1311 Johanne
1582 1275 1697 1322 Tryn-

237 1338 316 1373 sche
339 1338 484 1372 Andrea
502 1337 675 1383 Flemyng
694 1343 729 1371 et
746 1336 907 1373 Johanne
928 1336 1070 1372 Walkar
1089 1336 1257 1371 seriandis
1276 1348 1353 1370 cum
1372 1336 1518 1370 diuersis
1537 1335 1612 1370 aliis
1634 1357 1639 1362 -

236 1485 532 1552 VNIUERSIS
564 1521 681 1550 sancte
708 1514 825 1549 matris
852 1515 999 1549 ecclesie
1027 1515 1104 1549 filiis
1135 1513 1372 1550 GAUINUS
1399 1514 1619 1548 miseratione
1647 1514 1695 1548 di-

238 1578 318 1612 uina
349 1576 644 1623 Archiepiscopus
678 1575 909 1621 Glasguensis
945 1575 1088 1609 salutem
1120 1575 1153 1608 in
1187 1588 1228 1608 eo
1259 1574 1317 1620 qui
1350 1580 1404 1609 est
1434 1574 1583 1608 omnium
1613 1587 1696 1608 vera

237 1638 328 1672 salus
351 1658 356 1664 ·
380 1637 432 1672 Ea
449 1649 516 1683 que
543 1649 605 1683 pro
624 1636 848 1670 ecclesiarum
875 1635 1024 1669 omnium
1052 1635 1233 1682 presertim
1262 1640 1380 1669 nostre
1402 1634 1550 1669 ciuitatis
1569 1635 1695 1669 decore

237 1704 271 1732 et
289 1703 472 1732 venustate
489 1705 498 1733 Ι
514 1709 553 1731 ac
570 1708 795 1743 personarum
815 1695 1046 1742 quarumlibet
1063 1695 1097 1729 in
1118 1695 1183 1729 illis
1203 1695 1329 1729 diuinis
1352 1695 1509 1729 laudibus
1536 1695 1695 1729 insisten-

236 1759 318 1792 tium
339 1757 579 1792 commoditate
596 1765 605 1793 Ι
621 1756 766 1803 proinde
780 1756 870 1790 facta
889 1762 923 1790 et
942 1755 1099 1789 ordinata
1111 1755 1217 1789 fuisse
1232 1755 1393 1789 dicuntur
1409 1775 1415 1781 ·
1438 1754 1496 1788 illa
1513 1755 1694 1801 presertim

236 1831 297 1865 per
316 1831 382 1865 que
402 1818 539 1852 diuinus
559 1817 670 1852 cultus
689 1829 728 1851 ac
746 1816 979 1850 ministrorum
999 1827 1162 1849 numerus
1181 1815 1224 1849 ad
1251 1815 1321 1849 Dei
1348 1815 1485 1849 laudem
1510 1814 1545 1848 in
1564 1814 1694 1849 eisdem

236 1884 459 1926 augmentum
486 1877 698 1924 suscipiant!
714 1877 864 1911 libenter
886 1888 962 1910 cum
981 1888 1001 1910 a
1018 1875 1118 1910 nobis
1144 1875 1274 1922 petitur
1293 1874 1465 1909 ordinarie
1484 1874 1696 1909 auctoritatis

236 1939 422 1973 munimine
441 1938 641 1973 roboramus
663 1958 669 1964 ·
695 1937 784 1972 Sane
802 1949 865 1984 pro
880 1942 978 1983 parte
993 1935 1203 1970 venerabilis
1218 1924 1400 1970 confratris
1414 1934 1524 1969 nostri
1541 1935 1696 1981 magistri

236 1999 256 2034 J
261 1999 357 2033 acobi
375 1999 558 2032 Houstone
574 1997 762 2032 subdecani
775 1997 921 2032 ecclesie
937 2001 1055 2031 nostre
1071 1995 1336 2042 metropolitane
1352 1995 1582 2041 Glasguensis
1597 1995 1696 2029 nobis

237 2071 346 2105 nuper
361 2058 514 2093 exhibita
527 2058 648 2104 petitio
663 2057 863 2092 continebat
877 2057 967 2104 quod
983 2056 1066 2091 alias
1083 2056 1304 2091 honorabiles
1319 2055 1383 2090 viri
1400 2055 1577 2102 nostrique
1592 2055 1695 2090 dilec—

236 2118 261 2152 ti
279 2126 287 2153 Ι
304 2118 469 2152 videlicet
485 2127 493 2154 Ι
512 2118 687 2152 Robertus
708 2117 855 2153 Stewart
873 2117 916 2152 de
936 2116 1064 2163 Mynto
1082 2116 1278 2162 prepositus
1295 2124 1303 2152 l
1323 2115 1500 2162 Georgius
1525 2116 1643 2150 Burell
1662 2122 1697 2151 et

236 2178 388 2214 Jacobus
410 2177 590 2212 Wilsoune
608 2177 727 2212 balliui
743 2186 752 2213 Ι
768 2191 807 2212 ac
826 2177 928 2212 etiam
943 2177 1103 2211 consules
1118 2182 1154 2211 et
1172 2176 1397 2210 communitas
1411 2176 1560 2210 ciuitatis
1578 2182 1695 2210 nostre

240 2237 471 2284 Glasguensis
485 2246 493 2274 l
509 2238 552 2271 ad
566 2237 703 2272 laudem
718 2237 863 2283 gloriam
878 2244 914 2272 et
926 2238 1092 2272 honorem
1110 2238 1247 2272 Summe
1263 2243 1299 2271 et
1313 2236 1497 2271 Indiuidue
1514 2236 1695 2270 Trinitatis

240 2297 351 2332 Patris
360 2297 523 2332 videlicet
536 2303 571 2331 et
583 2297 660 2331 Filii
674 2304 709 2332 et
723 2297 981 2344 Spiritussancti
999 2306 1006 2333 Ι
1020 2309 1058 2331 ac
1070 2297 1254 2331 Beatarum
1267 2296 1380 2330 Marie
1394 2308 1529 2342 semper
1537 2295 1694 2341 Virginis
