1922 2764
278 211 322 242 32
604 206 758 241 LIBER
785 206 1031 242 ECCLESIE
1061 207 1398 243 COLLEGIATE

278 332 582 397 PREBENDA
611 360 780 395 SEXTA
807 360 1035 394 intitulabitur
1052 369 1060 396 l
1079 360 1261 394 Prebenda
1289 359 1402 393 Sancti
1430 359 1540 393 Rochi
1558 360 1729 394 confesso-

280 422 326 455 ris
352 431 360 457 Ι
385 422 480 456 cuius
508 421 697 468 possessori
724 421 929 467 spectabunt
955 426 1153 455 tenementa
1179 426 1272 454 terre
1299 425 1334 453 et
1360 419 1622 454 annuiredditus
1653 420 1729 454 sub-

280 483 407 529 scripta
422 491 431 518 l
447 482 608 529 Inprimis
634 488 833 516 tenementa
855 481 1006 527 jacentia
1031 492 1138 526 prope
1168 479 1304 513 Portam
1324 479 1521 513 Australem
1545 492 1611 526 que
1636 480 1730 514 ducit

279 543 322 577 ad
342 542 486 577 Pontem
504 542 615 577 Clude
630 554 675 576 ex
693 548 791 588 parte
806 541 935 575 boreali
951 541 1103 575 eiusdem
1122 540 1213 574 inter
1227 551 1440 574 communem
1455 540 1543 574 viam
1559 553 1603 575 ex
1618 541 1729 574 orien-

279 603 337 638 tali
365 610 400 638 et
425 609 660 638 tenementum
690 602 860 648 quondam
886 600 1055 636 ,Iohannis
1086 599 1187 634 Beith
1214 612 1259 634 ex
1283 599 1488 634 occidentali
1507 606 1541 634 et
1559 601 1729 647 quondam

281 663 417 698 Valteri
444 662 533 697 Lufe
553 675 598 696 ex
616 662 774 696 orientali
791 671 799 697 l
818 661 903 695 Item
923 668 1000 695 octo
1027 660 1125 694 solidi
1153 660 1256 694 annui
1283 660 1439 694 redditus
1461 661 1503 694 de
1531 667 1730 695 tenemento

278 724 359 758 dicti
382 723 516 758 Valteri
536 722 625 756 Lufe
649 723 787 768 jacente
806 722 840 755 in
860 721 930 755 Via
956 721 1139 754 Fullonum
1166 721 1256 755 inter
1283 727 1518 755 tenementum
1545 721 1627 756 dicti
1653 735 1730 768 pre-

278 784 433 818 bendarii
452 796 497 818 ex
515 782 655 817 australi
673 788 709 816 et
726 787 961 816 tenementum
989 781 1160 827 quondam
1180 781 1383 816 Archibaldi
1412 782 1676 817 Harbertsoune
1696 790 1731 817 et

277 857 369 878 nunc
388 844 583 878 Alexandri
601 843 745 889 Dunlop
763 855 809 876 cx
827 841 957 876 boreali
974 850 982 877 Ι
999 841 1087 876 Item
1107 841 1288 876 duodecim
1302 842 1433 876 denarii
1453 843 1556 876 annui
1575 843 1730 877 redditus

277 905 320 939 de
339 910 538 939 tenemento
559 903 705 937 Henrici
734 902 854 936 Burell
878 902 1016 947 jacente
1035 902 1069 935 in
1091 902 1159 936 Via
1180 902 1304 937 Sancte
1325 902 1449 937 Tenon
1469 915 1514 937 ex
1539 910 1637 949 parte
1656 916 1730 938 aus-

276 965 354 999 trali
381 965 534 999 eiusdem
560 964 651 998 inter
677 969 787 997 terras
815 963 887 996 siue
915 962 1049 996 hortum
1077 962 1246 1009 quondam
1268 962 1471 997 Archibaldi
1492 963 1658 998 Watsone
1686 977 1730 998 ex

278 1025 481 1060 occidentali
508 1031 544 1059 et
569 1030 680 1058 terras
707 1023 834 1057 domini
854 1022 1046 1057 Alexandri
1066 1022 1166 1068 Boyd
1194 1035 1238 1056 ex
1264 1023 1422 1057 orientali
1440 1032 1447 1059 l
1465 1023 1552 1057 Item
1579 1025 1730 1071 quinque

277 1085 375 1120 solidi
403 1085 505 1119 annui
532 1085 687 1118 redditus
715 1084 757 1118 de
784 1084 909 1118 horreo
935 1083 1107 1129 quondam
1127 1083 1292 1117 Willelmi
1322 1083 1509 1130 Pettigrew
1536 1091 1571 1119 et
1597 1085 1729 1120 duabus

276 1145 381 1180 curtis
399 1145 483 1192 rigis
498 1145 610 1180 eidem
625 1144 787 1190 contigue
806 1143 1041 1178 adiacentibus
1059 1143 1093 1177 in
1112 1142 1157 1177 lie
1179 1143 1414 1177 Provandside
1429 1143 1519 1178 inter
1533 1151 1643 1179 terras
1661 1158 1728 1180 ma-

275 1205 375 1250 gistri
394 1205 576 1239 Michaelis
596 1204 760 1251 Hugonis
779 1217 824 1238 ex
838 1203 995 1238 orientali
1011 1210 1045 1238 et
1063 1203 1231 1250 quondam
1253 1203 1456 1238 Archibaldi
1473 1204 1664 1251 W'ylsoune
1684 1220 1728 1241 ex

277 1265 480 1300 occidentali
497 1274 505 1300 l
522 1265 609 1299 Item
624 1270 718 1299 terre
733 1264 966 1299 ecclesiastice
982 1270 1178 1310 spectantes
1197 1263 1309 1298 eidem
1327 1265 1557 1310 prebendario
1571 1266 1727 1312 jacentes

274 1338 383 1372 prope
402 1325 581 1360 ecclesiam
604 1325 720 1359 Sancti
740 1325 850 1359 Rochi
876 1324 909 1358 in
934 1324 1037 1358 Moro
1059 1323 1271 1370 Glasguensi
1287 1333 1296 1360 l
1312 1324 1400 1359 Item
1419 1325 1509 1359 idem
1536 1326 1726 1372 prebenda-

275 1386 346 1420 rius
364 1385 554 1420 celebrabit
571 1385 691 1419 missas
715 1391 751 1419 et
776 1385 842 1419 alia
860 1384 977 1418 diuina
1003 1384 1112 1418 officia
1139 1384 1238 1419 solita
1263 1390 1301 1419 et
1327 1392 1492 1420 consueta
1518 1386 1552 1419 in
1580 1387 1726 1421 ecclesia

278 1445 393 1480 Sancti
422 1445 532 1479 Rochi
559 1451 612 1479 ter
638 1445 673 1478 in
700 1444 907 1479 hebdomida
931 1457 994 1491 pro
1021 1445 1132 1478 anima
1161 1444 1347 1479 recolende
1377 1446 1541 1480 memorie
1572 1447 1725 1493 magistri

277 1505 411 1540 Thome
430 1505 618 1539 Mureheid
644 1504 865 1551 prebendarii
884 1505 927 1539 de
948 1505 1054 1539 Stobo
1083 1505 1128 1538 Et
1154 1510 1296 1550 propter
1322 1506 1636 1551 augmentationem
1663 1520 1725 1553 per

276 1578 330 1599 me
347 1566 565 1599 fundatorem
583 1566 705 1599 factam
732 1565 779 1599 Et
797 1565 840 1599 de
859 1577 1029 1599 consensu
1056 1571 1277 1611 patronorum
1294 1573 1303 1599 Ι
1318 1565 1481 1600 videlicet
1497 1574 1505 1601 Ι
1521 1567 1723 1601 balliuorum

276 1632 311 1660 et
337 1625 514 1660 consulum
532 1625 681 1660 ciuitatis
703 1624 934 1671 Glasguensis
962 1634 970 1660 Ι
997 1630 1032 1659 et
1057 1625 1211 1670 magistri
1241 1624 1399 1659 Nicholai
1424 1625 1724 1672 Witherspowune

276 1698 367 1721 nunc
396 1685 608 1732 possessoris
639 1685 793 1720 eiusdem
825 1684 971 1719 ecclesie
1001 1693 1010 1721 Ι
1038 1685 1129 1719 idem
1164 1685 1412 1730 prebendarius
1447 1685 1618 1720 interierit
1648 1699 1723 1721 cum

275 1746 400 1781 ceteris
428 1745 668 1793 prebendariis
697 1745 788 1780 dicte
818 1745 975 1779 Ecclesie
1004 1744 1200 1790 Collegiate
1229 1744 1263 1778 in
1292 1743 1475 1779 Matutinis
1503 1745 1588 1780 Alta
1616 1745 1725 1781 Missa

276 1807 445 1854 Vesperis
471 1812 507 1840 et
534 1805 770 1853 Completorio
796 1805 974 1840 cantandis
1000 1814 1008 1840 Ι
1033 1811 1136 1851 prout
1162 1817 1379 1839 successores
1406 1805 1560 1840 eiusdem
1585 1807 1725 1842 interie-

275 1868 367 1903 rint!
384 1867 432 1901 Et
449 1879 525 1901 cum
543 1866 673 1901 eisdem
693 1866 868 1901 cantabit!
885 1866 932 1900 Et
953 1865 986 1899 in
1009 1865 1221 1912 temporibus
1248 1865 1370 1911 quibus
1397 1877 1463 1900 non
1484 1866 1656 1913 obligatur
1682 1868 1724 1901 ad

274 1928 397 1963 dictam
425 1940 519 1962 suam
546 1927 725 1962 ecclesiam
760 1926 874 1961 Sancti
909 1925 1018 1960 Rochi
1049 1926 1168 1960 missas
1199 1931 1235 1959 et
1265 1925 1330 1959 alia
1360 1925 1476 1960 diuina
1509 1927 1618 1961 officia
1647 1940 1723 1962 cum

274 1988 415 2034 reliquis
445 1987 684 2034 prebendariis
711 1986 861 2021 cantabit
882 1995 891 2021 l
910 1992 1014 2033 prout
1044 1986 1095 2020 sui
1123 1998 1339 2020 successores
1366 1987 1581 2022 cantabunt!
1604 1987 1650 2022 Et
1676 1989 1724 2022 sic

275 2048 353 2081 volo
372 2048 461 2094 quod
479 2048 640 2082 fundator
658 2047 749 2081 dicte
769 2047 914 2081 ecclesie
936 2046 1052 2081 Sancti
1072 2046 1183 2080 Rochi
1201 2046 1326 2080 debitis
1353 2047 1509 2093 exequiis
1536 2048 1723 2082 secundum

276 2108 491 2141 obseruatam
518 2107 801 2141 consuetudinem
829 2119 897 2140 non
923 2106 1182 2140 defraudabitur
1204 2125 1209 2130 ·
1228 2105 1443 2140 Presentatio
1470 2107 1551 2141 dicti
1577 2109 1723 2154 preben-

275 2167 361 2201 darii
386 2167 428 2200 ad
453 2167 597 2201 balliuos
617 2173 652 2201 et
670 2167 829 2201 consules
848 2166 996 2201 ciuitatis
1018 2166 1248 2212 Glasguensis
1265 2175 1273 2201 Ι
1292 2166 1468 2201 Admissio
1486 2180 1569 2201 vero
1587 2168 1723 2202 collatio

276 2233 310 2261 et
328 2227 497 2261 institutio
523 2226 565 2261 ad
591 2227 917 2261 reuerendissimum
937 2226 1246 2272 Archiepiscopum
1269 2226 1524 2272 Glasguensem
1551 2240 1613 2273 pro
1639 2235 1722 2262 tem-

275 2299 358 2333 pore
377 2286 547 2333 spectabit
565 2293 599 2321 et
617 2287 805 2332 pertinebit
