1922 2764
241 216 343 250 xcviii
853 214 1081 250 TABULA.

241 352 285 379 68.
310 351 482 387 Preceptum
500 351 587 388 Regis
602 360 653 388 pro
667 351 772 379 saisina
783 351 938 379 earundem
950 351 1048 379 decem
1060 359 1222 378 marcarum
1240 366 1245 372 ·
1265 350 1312 386 (11
1329 349 1427 378 Martii
1442 350 1560 378 1540-1.

353 414 459 442 abbrev.
473 423 505 441 ex
517 419 605 451 autoy.
619 414 648 441 in
661 413 760 442 archiv.
779 413 860 441 Univ.
880 413 986 451 Glasy.)
1036 435 1042 441 .

241 476 286 504 69.
311 477 538 504 Iustrumentum
554 475 658 504 saisiue
672 485 757 513 super
770 480 903 513 precepto
918 475 1074 513 prescripto
1089 490 1094 495 ·
1111 475 1160 512 (23
1174 474 1304 503 Jauuarii
1317 474 1438 503 1541-2.
1457 475 1562 502 abbrev.

354 548 388 565 cz·
400 543 487 575 azctoy.
503 539 532 566 in
545 537 644 566 archiv.
666 538 741 566 Univ.
759 538 867 575 Glasy.)

241 600 285 629 70.
310 600 433 637 Precept
454 600 496 628 for
510 601 558 628 the
581 599 678 628 Freris
693 600 737 628 fra
756 601 804 627 the
827 600 993 628 Governour
1016 603 1046 626 to
1070 599 1117 626 the
1143 598 1262 626 Maister
1285 598 1315 626 of
1340 598 1476 635 Sempille
1491 615 1496 620 -
1511 598 1564 635 (12

355 662 374 690 J
376 661 436 689 unii
453 662 535 690 1545.
557 672 590 690 ez*
603 667 691 699 autoy.
706 663 736 689 in
750 662 851 690 archiv.
874 662 949 689 Univ.
968 661 1074 698 Glassy.)
1125 682 1131 687 .

241 725 287 753 71.
309 725 335 752 Α
349 728 466 761 precept
479 724 523 751 fra
537 725 585 751 the
602 724 769 752 Governour
783 728 811 751 to
835 724 884 750 the
909 723 1030 751 Maister
1046 723 1077 750 of
1100 722 1236 760 Sempille
1252 739 1257 744 -
1273 723 1324 759 (13
1342 722 1466 760 Augusti
1484 723 1561 759 forte

356 796 380 814 A.
392 795 417 814 D.
434 786 516 814 1545.
536 795 569 813 ex
582 791 672 823 autoy.
686 787 714 813 in
727 785 825 813 archiv.
848 785 925 813 Um‘v.
945 785 1051 822 Glasy.)

242 850 287 878 72.
312 848 426 877 Saisina
442 848 553 876 Fratris
567 847 707 876 <Iohannis
724 848 839 875 Huntar
853 847 954 884 prioris
969 846 1077 875 ordinis
1096 847 1313 875 Predicatorum
1329 862 1334 867 ·
1349 847 1449 875 decem
1460 846 1562 874 solido-

356 919 420 937 rum
439 919 474 938 ex
497 909 682 938 Akiuroschis
702 910 789 937 barne
805 924 810 929 ·
825 910 856 945 (6
874 909 975 937 Martii
1001 909 1119 937 1552-3.
1141 910 1240 937 abbrev.
1255 919 1288 936 ea:
1307 916 1395 946 autoy.
1415 910 1443 936 in
1464 908 1564 936 archiv.

364 973 437 1000 Πηίυ.
456 972 566 1010 Glasy.)
607 994 613 999 .

243 1035 286 1064 73.
309 1034 495 1063 Confirmatio
513 1034 624 1072 Regino
639 1043 723 1071 super
736 1038 800 1062 acto
814 1034 1001 1062 Domitiorum
1014 1033 1134 1062 Consilii
1145 1043 1196 1071 pro
1209 1033 1359 1061 Fratribus
1376 1032 1566 1061 Predicatori-

355 1098 407 1125 bus
422 1101 520 1125 contra
534 1097 682 1125 dominum
693 1097 726 1124 de
743 1097 823 1125 Blair
838 1101 866 1124 et
880 1100 1010 1125 tenentes
1024 1096 1054 1124 in
1071 1096 1220 1133 Bogtouue
1235 1113 1240 1118 -
1256 1096 1304 1133 (ll
1319 1096 1337 1124 J
1340 1095 1390 1123 ulii
1403 1095 1476 1124 1556
1488 1100 1513 1124 et
1526 1095 1563 1123 22

358 1159 488 1188 Octobris
506 1160 586 1188 1557.
606 1169 639 1187 ex
652 1165 742 1197 autoy.
756 1160 784 1187 in
797 1159 898 1187 archiv.
917 1159 996 1187 Univ.
1015 1158 1123 1195 Glasfs.)

244 1223 285 1251 74.
309 1222 395 1251 Carta
410 1222 549 1250 Johannis
563 1221 800 1250 commendatarii
816 1222 850 1250 de
868 1221 1073 1258 Coldinghame
1088 1230 1121 1249 ac
1137 1220 1243 1249 domini
1261 1220 1296 1248 (le
1320 1219 1452 1248 Daruelie
1467 1219 1502 1248 de
1517 1228 1565 1247 sex

357 1284 438 1312 bollis
452 1284 621 1313 victualium
635 1284 825 1322 percipiendis
840 1284 874 1312 de
889 1283 1054 1312 molendino
1068 1283 1102 1311 de
1120 1282 1253 1311 Daruelie
1268 1286 1298 1310 et
1311 1282 1345 1311 de
1359 1282 1397 1310 lie
1414 1282 1517 1319 Manys
1531 1281 1566 1309 de

359 1346 549 1375 Crukistoune
564 1363 569 1368 -
584 1346 619 1383 (4
634 1346 736 1374 Martii
753 1346 873 1376 1557-8.
895 1356 929 1374 em
943 1351 1030 1382 autoy.
1046 1346 1075 1373 in
1088 1345 1188 1373 archiv.
1211 1345 1288 1373 Univ.
1309 1344 1419 1381 Glasy.)
1474 1365 1479 1370 .

243 1410 285 1439 75.
310 1410 537 1437 lustramentum
562 1409 666 1437 saisina
692 1408 851 1437 eorundem
872 1407 1063 1436 victualium·
1081 1407 1114 1444 (8
1141 1407 1242 1435 Martii
1270 1407 1388 1435 1557-8.
1411 1407 1512 1433 abbrev.
1533 1415 1567 1434 εκ

357 1476 446 1508 αἰιΐο-ᾳ.
460 1472 490 1499 ira
503 1471 604 1499 archiv.
626 1472 700 1499 Unio.
719 1470 829 1508 Glasy.)
877 1492 883 1499 .

243 1535 288 1564 76.
313 1535 374 1562 The
390 1534 440 1562 Erl
463 1534 494 1562 of
516 1534 641 1571 Ergyllis
663 1537 780 1572 precept
798 1533 842 1561 for
864 1536 1001 1570 paymeut
1014 1536 1044 1560 to
1066 1533 1113 1559 the
1130 1531 1226 1559 Freris
1240 1531 1270 1559 of
1292 1534 1401 1569 twynty
1415 1529 1566 1567 schilling-

360 1596 526 1633 (Februarii
543 1596 663 1625 1558-9.
683 1605 716 1624 επ
729 1601 819 1633 arctoy.
834 1597 863 1623 in
877 1595 976 1623 archiv.
999 1595 1075 1623 Univ.
1095 1594 1201 1632 Glasq.)
1216 1615 1222 1621 .

452 1841 510 1868 III.
535 1840 758 1868 APPENDIX
779 1851 785 1868 ε
808 1840 949 1869 CARTE
971 1839 1150 1875 QUEDAM
1172 1838 1481 1868 GLASGUENSES
1502 1860 1508 1865 .

254 1992 270 2019 i.
293 1991 482 2020 Confirmacio
505 1991 628 2020 Jocelini
653 1990 837 2028 Glasguensis
859 1990 984 2029 episcopi
1006 1990 1041 2018 de
1064 1989 1111 2018 illo
1133 1990 1205 2018 tofto
1229 1989 1259 2017 in
1283 1990 1374 2026 burgo
1398 1988 1433 2017 de
1459 1988 1568 2026 Glasgu

359 2054 434 2091 quod
460 2055 602 2082 Ranulfus
617 2054 651 2082 de
669 2054 820 2082 Hadintun
842 2053 988 2082 edificauit
1011 2052 1148 2090 in‘prima
1161 2051 1339 2081 edificatione
1354 2050 1436 2088 burgi
1451 2051 1488 2079 ad
1499 2060 1568 2088 opus

359 2116 458 2144 domus
483 2116 517 2144 de
541 2116 666 2153 Maylros
681 2131 686 2136 ·
703 2119 745 2152 (A.
760 2125 785 2144 D.
809 2116 949 2146 1179-Δ.
964 2124 988 2143 D.
1013 2115 1094 2144 1199.
1127 2125 1159 2143 ex
1188 2115 1273 2143 Libro
1299 2114 1398 2142 Sancte
1421 2113 1509 2142 Mar-ie
1537 2114 1569 2141 cle

362 2179 468 2210 Melros,
483 2184 498 2206 t.
514 2179 532 2205 i.
543 2189 593 2216 pp.
608 2179 651 2211 36,
667 2180 712 2206 37.
736 2179 836 2206 Edinb.
854 2178 952 2215 1837.)

246 2240 275 2268 ii.
297 2240 384 2268 Carta
405 2240 547 2268 Floreucii
568 2240 651 2268 electi
674 2240 874 2277 Glasguiensis
895 2240 929 2269 de
948 2240 1020 2269 tofto
1042 2239 1142 2268 eodem
1157 2255 1162 2260 ·
1177 2240 1219 2277 (A.
1234 2248 1260 2267 n.
1282 2240 1421 2268 1202—A.
1437 2247 1462 2266 D.
1486 2238 1567 2268 1207-

359 2312 392 2330 ex:
408 2302 494 2331 Libro
512 2302 610 2330 Sancte
626 2302 716 2330 Marie
729 2302 763 2330 cle
778 2303 888 2335 Melros,
903 2308 920 2331 t.
934 2303 952 2330 i.
965 2313 994 2340 p.
1010 2302 1068 2338 37.)
