1922 2764
654 282 692 316 B.
722 281 768 316 V.
797 281 965 316 MARIE
994 281 1061 317 ET
1090 283 1124 317 S.
1154 283 1313 318 ANNE.
1661 292 1707 326 95

252 408 322 474 IN
350 438 420 473 Dei
447 438 584 473 nomine
614 438 726 473 Amen
750 459 757 465 ·
782 439 848 474 Per
874 439 938 474 hoc
966 439 1137 486 publicum
1157 440 1423 475 instrumentum
1442 443 1574 477 cunctis
1592 449 1708 489 pateat

252 501 344 547 quod
370 513 460 535 anno
486 500 731 535 incarnationis
758 500 942 535 Dominice
969 500 1150 535 millesimo
1177 501 1455 548 quingentesimo
1478 503 1708 549 trigesimose—

251 562 364 597 cundo
383 561 439 596 die
460 573 543 595 vero
564 561 704 596 Sabbati
722 561 977 608 decimoquinto
996 561 1123 596 mensis
1141 562 1237 598 Junii
1253 571 1262 599 Ι
1280 562 1320 597 In
1339 562 1407 597 mei
1430 564 1554 598 notarii
1580 565 1707 611 publici

252 629 288 658 et
314 622 452 658 testium
480 622 749 669 subscriptorum
776 622 952 669 presentia
979 622 1208 669 personaliter
1235 623 1442 658 constitutus
1469 624 1638 659 discretus
1657 626 1708 659 vir

257 683 489 718 Archibaldus
519 682 785 717 Harbertsoune
813 689 1013 730 procurator
1032 689 1068 718 et
1094 696 1135 718 eo
1162 684 1300 718 nomine
1329 683 1476 719 Andree
1504 684 1710 720 Haustoune

252 743 336 779 ciuis
359 743 589 789 Glasguensis
606 752 614 779 l
630 743 776 779 accessit
794 744 836 778 ad
854 750 1092 779 tenementum
1110 744 1192 779 dicti
1212 744 1358 779 Andree
1377 745 1497 792 jacens
1516 746 1549 779 in
1569 746 1708 781 ciuitate

257 804 470 851 Glasguensi
497 817 540 839 ex
568 804 728 839 orientali
758 811 855 851 parte
883 805 1071 839 communis
1098 805 1164 839 vici
1191 805 1346 840 eiusdem
1378 805 1469 840 inter
1495 811 1605 841 terras
1637 807 1709 841 siue

253 871 452 900 tenementa
486 864 689 899 Archibaldi
723 865 903 900 Wilsoune
931 878 975 900 ex
1006 865 1145 900 australi
1173 872 1209 900 et
1234 872 1345 900 terras
1372 866 1562 913 capellanie
1594 868 1709 902 Sancti

255 926 366 960 Rochi
393 938 437 960 ex
464 925 595 960 boreali
625 925 780 972 partibus
807 926 854 960 Et
883 926 1010 961 ibidem
1037 926 1166 961 dictum
1197 933 1433 962 tenementum
1461 934 1530 962 tam
1556 928 1709 962 anterius

253 999 352 1033 quam
372 986 544 1033 posterius
562 998 638 1021 cum
656 986 876 1033 pertinentiis
895 987 929 1020 in
949 987 1104 1022 manibus
1126 987 1274 1033 Georgii
1302 988 1422 1022 Burell
1440 989 1540 1023 vnius
1567 989 1709 1023 balliuo-

254 1060 327 1081 rum
347 1047 495 1082 ciuitatis
517 1047 750 1094 Glasguensis
775 1060 838 1094 pro
865 1054 1020 1095 tempore
1047 1049 1082 1083 in
1099 1048 1253 1083 fauorem
1280 1049 1434 1095 magistri
1451 1050 1574 1085 Jacobi
1595 1051 1709 1085 Hous-

253 1114 335 1142 tone
367 1107 554 1142 subdecani
589 1107 820 1154 Glasguensis
852 1114 887 1142 et
917 1121 1055 1143 suorum
1086 1109 1337 1156 assignatorum
1368 1110 1578 1145 venditionis
1609 1124 1711 1146 causa

255 1168 455 1215 simpliciter
474 1168 690 1215 resignauitl
709 1169 788 1209 Qua
815 1169 1049 1216 resignatione
1069 1170 1117 1204 sic
1134 1170 1223 1205 facta
1242 1170 1331 1204 idem
1358 1171 1505 1205 balliuus
1532 1178 1656 1206 statum
1676 1178 1711 1206 et

255 1228 415 1263 saisinam
440 1229 668 1263 hereditarios
695 1229 777 1264 dicti
804 1230 995 1264 tenementi
1022 1230 1159 1264 domino
1187 1230 1341 1265 Martino
1374 1231 1465 1266 Reid
1496 1233 1710 1278 procuratori

255 1289 379 1336 prefati
399 1289 552 1336 magistri
566 1289 688 1325 Jacobi
705 1289 913 1325 Houstoune
928 1303 989 1337 per
1004 1297 1097 1325 terre
1113 1300 1148 1325 et
1166 1291 1288 1337 lapidis
1306 1292 1525 1327 traditionem
1541 1293 1710 1328 delibera-

255 1350 306 1385 uit
321 1359 330 1386 Ι
348 1350 419 1391 Qui
438 1356 639 1396 procurator
666 1351 903 1397 procuratorio
922 1351 1059 1386 nomine
1079 1352 1161 1386 dicti
1188 1352 1342 1398 magistri
1363 1352 1484 1388 Jacobi
1503 1353 1657 1388 existens
1676 1355 1709 1388 in

255 1417 347 1446 statu
365 1417 400 1446 et
418 1411 544 1445 saisina
568 1411 763 1446 huiusmodi
781 1412 909 1446 dictum
927 1418 1163 1447 tenementum
1187 1413 1310 1446 iterato
1330 1425 1374 1446 ex
1394 1413 1533 1459 speciali
1552 1415 1711 1450 mandato

255 1472 362 1519 ipsius
376 1472 531 1518 magistri
544 1472 666 1508 Jacobi
681 1473 819 1507 nomine
835 1485 895 1507 sue
910 1472 1013 1508 Noue
1031 1473 1187 1508 Ecclesie
1205 1473 1408 1508 Beatissime
1426 1474 1537 1509 Marie
1553 1475 1710 1521 Virginis

256 1539 292 1567 et
311 1532 416 1567 Anne
436 1533 553 1568 matris
572 1533 645 1568 eius
662 1533 805 1568 fundate
824 1534 857 1568 in
878 1534 1017 1568 ciuitate
1037 1534 1249 1580 Glasguensi
1268 1534 1301 1568 in
1320 1534 1476 1569 manibus
1494 1536 1576 1570 dicti
1594 1537 1711 1572 balliui

255 1593 719 1640 resignauitheseruando
746 1595 810 1629 sibi
836 1595 1001 1640 magistro
1026 1595 1159 1630 ,Iacobo
1186 1595 1329 1629 liberum
1358 1601 1594 1631 tenementum
1614 1611 1710 1633 vsum

255 1654 427 1689 fructuum
458 1660 494 1689 et
521 1655 781 1701 dispositionem
813 1656 895 1690 dicti
926 1657 1116 1690 tenementi
1143 1668 1219 1690 cum
1251 1656 1471 1702 pertinentiis
1501 1657 1535 1691 in
1563 1658 1709 1694 Vtilitate

254 1715 346 1749 dicte
365 1715 511 1750 ecclesie
538 1728 601 1762 pro
619 1722 692 1750 toto
711 1722 866 1763 tempore
885 1717 956 1751 vite
976 1729 1036 1751 sue
1053 1725 1062 1752 Ι
1081 1716 1161 1757 Qua
1187 1716 1421 1762 resignatione
1440 1717 1489 1751 sic
1506 1717 1595 1752 facta
1618 1719 1708 1753 idem

254 1775 400 1810 balliuus
422 1781 546 1810 statum
561 1781 597 1810 et
611 1776 769 1811 saisinam
783 1777 867 1811 dicti
881 1777 1073 1812 tenementi
1088 1789 1162 1811 cum
1183 1776 1401 1823 pertinentiis
1416 1776 1553 1811 domino
1573 1777 1707 1814 Thonie

257 1835 437 1871 Crawfurd
455 1836 662 1883 presbytero
680 1837 818 1872 nomine
837 1837 929 1872 dicte
949 1837 1094 1872 ecclesie
1114 1837 1321 1871 deliberauit
1342 1857 1347 1862 -
1373 1837 1597 1872 Presentibus
1624 1838 1709 1873 ibid-

255 1909 309 1931 em
327 1896 492 1943 magistro
511 1897 650 1932 Dauide
672 1898 809 1945 Smytht
822 1904 959 1933 rectore
974 1898 1017 1932 de
1034 1897 1292 1932 Cummirtreiss
1309 1896 1332 1932 J
1335 1897 1441 1931 acobo
1458 1897 1614 1933 Wilsone
1632 1899 1708 1934 ciue

257 1957 469 2003 Glasguensi
485 1964 520 1992 et
532 1957 693 1993 Johanne
711 1958 946 1993 Walterstone
962 1957 1121 1992 seriando
1143 1978 1149 1983 -
1173 1957 1240 1991 ET
1263 1957 1371 1991 EGO
1395 1957 1417 1992 J
1421 1957 1573 1992 ohannes
1594 1959 1709 1994 More-

255 2030 338 2052 sone
355 2018 542 2064 presbyter
563 2018 795 2065 Glasguensis
814 2018 960 2053 diocesis
987 2018 1143 2064 publicus
1169 2030 1264 2052 sacra
1282 2018 1485 2052 auctoritate
1508 2019 1710 2065 Apostolica

254 2078 408 2113 notarius
461 2078 553 2119 Quia
575 2077 670 2125 [eta]

254 2225 326 2292 IN
352 2255 443 2291 DEI
469 2257 607 2291 nomine
627 2257 742 2292 Amen
766 2278 772 2284 ·
796 2257 864 2292 Per
882 2257 946 2292 hoc
965 2257 1137 2304 publicum
1156 2258 1419 2292 instrumentum
1440 2260 1572 2293 cunetis
1595 2267 1711 2307 pateat

256 2317 347 2363 quod
366 2329 456 2351 anno
482 2317 727 2351 incarnationis
754 2317 939 2352 Dominiee
967 2318 1146 2353 millesimo
1165 2318 1444 2364 quingentesimo
1462 2320 1710 2365 trigesimoter-
