1922 2764
651 234 692 268 B.
722 233 767 268 V.
797 233 964 268 MARIE
992 233 1061 268 ET
1090 234 1124 269 S.
1154 235 1312 269 ANNE.
1666 242 1713 277 93

258 331 324 366 ET
353 331 461 367 EGO
486 330 765 367 JOHANNES
793 330 984 366 Moresoun
1008 332 1193 379 presbyter
1216 332 1446 379 Glasguensis
1466 335 1612 370 diocesis
1630 337 1713 383 pub—

255 391 341 426 licus
361 405 456 427 saera
474 392 678 427 auctoritate
699 392 903 439 Apostoliea
921 392 1074 427 notarius
1128 393 1220 433 Quia
1242 392 1337 440 [eta]

255 540 325 605 IN
354 570 444 605 DEI
471 572 608 606 nomine
629 572 743 606 Amen
767 593 772 598 ·
798 572 864 607 Per
888 572 952 606 hoo
972 571 1143 618 publicum
1163 573 1427 607 instrumentum
1448 574 1579 608 eunetis
1598 581 1714 622 pateat

255 631 346 677 quod
361 643 450 665 anno
465 631 709 667 incarnationis
725 633 909 668 Dominice
923 633 1104 668 millesimo
1118 633 1397 680 quingentesimo
1411 635 1713 681 trigesimoseeun-

254 691 298 725 do
313 692 369 726 die
382 704 465 726 vero
478 692 596 726 vltimo
610 693 738 727 mensis
754 693 839 728 Maii
857 702 865 729 l
882 693 921 727 In
938 693 1004 727 mei
1019 694 1144 728 notarii
1160 694 1288 741 publici
1304 700 1339 729 et
1352 694 1489 729 testium
1506 696 1712 742 subscripto-

254 765 328 786 rum
347 752 524 799 presentia
537 754 766 800 personaliter
781 754 988 789 constitutus
1011 755 1217 789 Alexander
1237 755 1384 790 Scherar
1398 756 1556 791 vendidit
1570 770 1712 792 venera-

253 813 312 847 bili
332 813 406 847 viro
425 813 589 860 magistro
607 814 738 849 Jacobo
759 815 944 849 Houstoun
973 815 1170 849 subdecano
1192 815 1405 862 Glasguensi
1424 816 1568 862 triginta
1586 818 1713 852 solidos

254 874 357 908 annui
376 873 532 908 redditus
551 874 593 908 de
612 874 709 909 totali
728 881 763 908 et
780 875 918 921 integra
931 875 1154 910 dimedietate
1170 876 1270 910 vnius
1289 877 1480 911 tenementi
1499 884 1568 912 tam
1587 879 1712 913 anteri-

253 934 322 969 oris
341 947 440 981 quam
466 934 668 981 posterioris
687 947 761 969 eum
782 942 857 970 orto
876 942 911 970 et
929 936 1149 982 pertinentiis
1173 936 1320 983 jacentis
1346 937 1378 970 in
1399 937 1539 972 ciuitate
1562 938 1712 985 Glasgu-

253 995 326 1029 ensi
346 1007 390 1029 ex
410 995 568 1029 orientali
590 1002 688 1042 parte
707 996 896 1030 communis
914 997 980 1030 vici
1000 997 1154 1031 eiusdem
1182 997 1272 1031 inter
1291 1004 1491 1033 tenementa
1509 999 1582 1034 siue
1602 1005 1712 1034 terras

254 1055 401 1090 Roberti
430 1056 550 1102 Roger
577 1068 621 1090 ex
648 1056 787 1090 australi
810 1063 846 1091 et
863 1057 1034 1103 quondam
1064 1058 1209 1092 Roberti
1239 1058 1352 1092 Adam
1380 1071 1424 1093 ex
1450 1060 1582 1094 boreali
1608 1061 1711 1107 parti-

251 1116 314 1150 bus
337 1124 346 1152 l
367 1116 531 1150 videlicet
552 1125 561 1153 l
583 1116 626 1150 de
645 1116 776 1151 boreali
794 1117 1016 1152 dimedietate
1035 1118 1117 1152 dieti
1144 1118 1273 1164 integri
1291 1120 1483 1153 tenementi
1505 1128 1513 1155 Ι
1536 1122 1708 1156 annuatim

251 1177 389 1211 leuandi
408 1189 470 1223 per
490 1177 599 1223 ipsum
618 1177 818 1223 magistrum
836 1177 1004 1213 Jacobum
1023 1185 1058 1213 et
1076 1191 1155 1213 suos
1174 1179 1367 1225 assignatos
1386 1192 1448 1226 pro
1467 1186 1562 1215 certa
1581 1194 1711 1216 summa

250 1238 397 1284 pecunie
418 1238 481 1272 sibi
502 1237 706 1272 Alexandro
724 1251 787 1285 per
806 1238 915 1285 ipsum
940 1239 1139 1285 magistrum
1159 1240 1326 1276 Jacobum
1354 1241 1555 1287 persoluta!
1573 1242 1709 1282 Quibus

249 1298 347 1333 factis
374 1298 464 1333 idem
494 1298 699 1333 Alexander
725 1299 854 1333 dietum
885 1312 1035 1334 annuum
1061 1301 1234 1335 redditum
1264 1301 1465 1347 simpliciter
1493 1302 1526 1335 in
1557 1302 1709 1338 fauorem

249 1359 331 1394 dieti
350 1359 505 1406 magistri
522 1359 644 1395 Jacobi
665 1359 698 1393 in
717 1360 873 1394 manibus
896 1360 1044 1407 Georgii
1074 1361 1191 1396 Burell
1211 1361 1311 1396 vnius
1338 1362 1539 1396 balliuorum
1561 1363 1709 1398 ciuitatis

252 1419 483 1466 Glasguensis
514 1432 576 1466 pro
607 1426 762 1467 tempore
794 1420 986 1465 resignauit
1014 1442 1019 1447 -
1050 1421 1130 1462 Qua
1160 1422 1396 1468 resignatione
1424 1423 1472 1457 sic
1500 1423 1588 1458 faeta
1619 1424 1709 1458 idem

248 1480 395 1514 balliuus
416 1486 538 1515 statum
559 1486 594 1515 et
612 1481 770 1515 saisinam
789 1481 1017 1516 hereditarios
1036 1482 1118 1516 dicti
1137 1483 1241 1516 annui
1268 1483 1425 1518 redditus
1453 1483 1517 1518 sibi
1543 1485 1707 1530 magistro

248 1541 380 1577 Jacobo
407 1541 604 1576 subdecano
631 1547 666 1576 et
693 1542 762 1576 suis
789 1542 973 1588 assignatis
1000 1555 1062 1589 per
1088 1549 1182 1577 terre
1211 1549 1246 1578 et
1273 1544 1394 1590 lapidis
1422 1556 1461 1579 ao
1486 1545 1531 1578 lie
1559 1545 1645 1592 hesp
1674 1553 1709 1580 et

249 1602 362 1648 stapill
389 1602 608 1636 traditionem
639 1602 847 1637 deliberauit
873 1611 881 1639 J
904 1603 975 1643 Qui
1006 1603 1170 1650 magister
1201 1603 1381 1651 [Jacobus]
1412 1605 1460 1639 sic
1492 1606 1646 1640 existens
1674 1606 1707 1640 in

249 1669 339 1697 statu
358 1669 394 1697 et
412 1663 537 1698 saisina
550 1663 631 1697 dieti
650 1663 754 1697 annui
774 1664 929 1698 redditus
945 1664 1093 1699 eundem
1109 1665 1142 1698 in
1163 1665 1317 1699 manibus
1333 1665 1415 1700 dicti
1435 1666 1551 1700 balliui
1570 1667 1706 1700 nomine

249 1724 353 1758 Noue
374 1724 532 1759 Ecclesie
553 1723 749 1770 Collegiate
777 1724 962 1759 Beatarum
990 1725 1103 1759 Marie
1124 1725 1283 1771 Virginis
1303 1732 1338 1760 et
1358 1726 1463 1759 Anne
1483 1726 1599 1760 matris
1619 1727 1706 1760 eius-

248 1784 325 1818 dem
344 1785 486 1819 fundate
505 1796 568 1831 per
586 1784 713 1819 dictum
732 1785 932 1831 magistrum
951 1785 1118 1821 Jacobum
1143 1786 1177 1819 in
1197 1786 1335 1820 ciuitate
1359 1786 1571 1832 Glasguensi
1598 1787 1706 1833 resig-

248 1845 344 1880 nauit
361 1854 369 1881 l
388 1845 616 1880 Reseruando
643 1845 708 1879 sibi
734 1846 900 1892 magistro
926 1846 1058 1881 ,Iacobo
1078 1858 1140 1892 pro
1160 1852 1231 1880 toto
1250 1852 1406 1892 tempore
1426 1847 1496 1880 vite
1515 1859 1574 1880 sue
1594 1859 1705 1881 vsum-

247 1906 419 1940 fruetuum
439 1906 824 1940 liberumtenementum
839 1912 875 1940 et
892 1906 1151 1953 dispositionem
1168 1906 1250 1940 dieti
1269 1906 1372 1940 annui
1391 1906 1546 1940 redditus
1565 1907 1598 1940 in
1615 1920 1703 1941 oom-

246 1967 383 2001 modum
404 1973 439 2001 et
456 1966 638 2001 vtilitatem
657 1966 748 2000 dicte
768 1966 915 2000 ecclesie
938 1987 943 1992 ·
969 1966 1049 2006 Qua
1074 1965 1309 2012 resignatione
1329 1966 1376 2000 sic
1394 1967 1483 2001 facta
1501 1967 1591 2001 idem
1609 1967 1705 2001 balli—

247 2040 310 2062 uus
337 2028 380 2062 de
408 2027 549 2074 speciali
575 2027 734 2060 mandato
755 2027 837 2060 dieti
864 2026 1019 2072 magistri
1044 2026 1166 2061 Jacobi
1195 2032 1318 2060 statum
1338 2032 1373 2060 et
1395 2026 1553 2060 saisinam
1580 2027 1703 2073 prefati

247 2088 351 2123 annui
368 2088 525 2122 redditus
544 2087 682 2121 domino
702 2086 837 2121 Thome
856 2086 1030 2133 Flemyng
1057 2086 1261 2133 presbytero
1280 2087 1418 2121 nomine
1440 2087 1574 2133 prefate
1594 2088 1702 2122 eccle—

247 2150 296 2184 sie
316 2156 351 2183 et
368 2149 402 2182 in
422 2147 636 2183 commodum
655 2153 690 2181 et
708 2146 889 2181 vtilitatem
905 2147 1059 2181 eiusdem
1074 2146 1280 2181 deliberauit
1301 2168 1306 2173 -
1332 2147 1557 2182 Presentibus
1576 2148 1701 2182 ibidem

246 2209 405 2244 diseretis
423 2208 506 2242 viris
528 2206 739 2241 Archibaldo
760 2206 1001 2241 Harbertsone
1029 2207 1203 2241 Michaele
1232 2207 1404 2254 Flemyng
1423 2208 1583 2243 Johanne
1603 2208 1702 2243 Mak-

246 2270 321 2304 nair
338 2269 498 2305 Johanne
521 2267 686 2301 Allasone
706 2272 741 2301 et
758 2266 917 2302 Johanne
937 2267 1072 2301 Walear
1091 2267 1250 2302 seriando
1274 2288 1279 2294 ·
1303 2266 1371 2301 ET
1397 2267 1506 2303 EGO
1524 2268 1702 2304 Johannes
