1922 2764
619 237 728 273 THE
757 237 1006 273 PREFACE.

1484 237 1543 271 lvii

185 337 241 373 On
262 337 319 372 the
338 337 497 372 fifteenth
516 336 552 371 of
566 336 660 372 June
682 339 784 377 1487,
801 349 820 371 a
840 335 1035 370 Provincial
1054 335 1207 382 Chapter
1223 336 1261 370 of
1274 336 1332 370 the
1352 335 1456 370 order
1476 347 1544 370 was
1566 345 1680 377 Chantry
1695 344 1806 368 munden

86 409 167 445 held
186 416 221 445 at
238 409 459 456 Edinburgh,
481 409 581 444 Friar
597 408 690 445 John
710 408 826 450 Mure,
847 409 922 443 first
942 407 1136 442 Provincial
1156 408 1195 442 of
1218 408 1391 450 Scotland,
1411 408 1544 455 presid—
1565 391 1808 466 ξῖθᾷζῗὲἶῗζώρῃ-

86 483 157 530 ing,
178 483 237 518 the
266 482 383 517 Priors
411 482 450 517 of
474 482 650 529 Glasgow,
671 481 890 527 Edinburgh⁷
912 481 1115 521 Aberdeen‚
1136 480 1202 514 and
1224 480 1321 515 Saint
1349 481 1543 521 Andrew's,
1566 483 1627 515 dary
1643 482 1807 506 0fKi¹¹e²ffl¹=

86 555 193 603 being
211 555 419 590 Diffinitors.
473 555 551 590 The
576 555 748 601 assembly
767 567 855 601 gave
874 554 918 589 its
945 553 1099 588 sanction
1119 559 1155 588 to
1174 553 1232 588 the
1259 554 1471 595 foundation,
1500 555 1546 601 by

89 628 240 664 william
274 629 432 670 Stewart,
453 628 676 675 prebendary
695 628 734 662 of
756 628 924 669 Killerne‚
953 627 1020 662 and
1048 633 1163 662 rector
1191 626 1230 661 of
1259 626 1434 668 Ghsford,
1464 626 1500 661 of
1529 640 1548 661 a

87 701 289 749 chapiainry
303 708 339 736 at
357 701 415 736 the
430 707 531 748 great
549 701 634 736 altar
649 701 688 736 of
700 701 758 735 the
774 700 903 735 Friar's
918 700 1046 736 church
1068 700 1100 734 in
1121 699 1297 746 Glasgow,
1314 698 1367 733 for
1382 699 1440 733 the
1456 699 1548 733 souls

87 774 127 809 of
146 773 292 815 himself,
327 773 367 808 of
387 773 440 808 his
466 779 618 820 parents,
652 773 719 808 and
745 773 785 807 of
804 773 896 809 John
928 774 1084 814 Stewart,
1122 772 1205 807 Earl
1233 772 1272 806 of
1304 771 1455 807 Lennox
1481 773 1548 806 and

88 846 186 881 Lord
204 846 377 893 Darnley.

89 919 136 966 by
153 919 213 954 the
231 925 393 962 convent,
413 919 472 955 the
490 919 638 955 founder
657 919 851 955 undertook
871 925 906 955 to
924 919 1097 966 complete
1116 919 1174 954 the
1202 919 1326 954 edifice
1344 919 1455 954 which
1482 920 1549 955 had

430 846 471 880 In
491 846 746 881 consideration
766 846 806 880 of
825 846 883 881 the
904 846 1059 893 spiritual
1080 846 1232 881 services
1258 852 1293 880 to
1312 846 1355 880 be
1374 845 1548 881 rendered

90 1057 261 1082 dissolutionis
276 1058 433 1087 uit-ationem,
447 1067 513 1092 qnae
532 1059 598 1085 inter
617 1059 705 1092 epulas
731 1059 803 1084 obre—

91 1111 151 1137 pere
174 1104 252 1130 solet:
280 1105 312 1130 ad
333 1105 440 1130 uirorum
465 1106 614 1131 secularium
628 1106 805 1135 differentiam,

91 1159 155 1183 quos
168 1151 236 1176 bono
259 1151 377 1184 exemplo
396 1152 493 1177 anteire
513 1152 642 1177 debemus.
681 1152 719 1176 llli
739 1153 805 1177 enim

91 1197 123 1222 ad
145 1203 244 1231 tempus
258 1198 354 1231 legunt,
369 1199 437 1232 quod
450 1199 527 1224 etiam
541 1199 670 1224 reformati
690 1199 800 1224 faciunt:

90 1244 113 1268 si
127 1253 183 1269 cum
198 1244 349 1278 hospitibus,
363 1250 405 1271 aut
417 1246 504 1271 amieis
518 1246 686 1275 discumbant,
696 1247 720 1270 in
734 1255 808 1279 pran-

92 1290 126 1323 dij
147 1291 222 1316 initio
242 1295 286 1316 aut
306 1292 357 1317 fine
380 1292 475 1325 aliquid
497 1293 697 1318 aedificatorium
712 1293 807 1326 legunt.

176 1355 182 1362 .
219 1357 224 1363 .
263 1337 291 1362 In
304 1338 410 1363 consilio
429 1342 515 1363 tamen
537 1339 664 1364 Toletano
683 1344 805 1364 statutum

91 1388 154 1412 erat,
167 1389 195 1408 ut.
207 1384 232 1408 in
245 1385 364 1410 conuiuio
378 1385 531 1410 sacerdotali
552 1394 652 1418 semper
670 1386 715 1411 fiat
728 1387 804 1412 lectio

91 1430 202 1463 paginae
232 1435 346 1456 sanctae.
395 1431 471 1460 Quod
502 1432 643 1456 institutum
675 1441 690 1458 a
720 1433 805 1458 multis

92 1476 197 1502 huiusce
211 1478 302 1502 aetatis
317 1478 437 1511 praelatis
457 1479 559 1503 omnino
572 1480 751 1509 contemnitur,
764 1481 807 1513 qui

92 1532 167 1548 omne
181 1524 272 1549 aetatis
285 1529 385 1558 tempus
398 1533 454 1550 cum
469 1525 614 1551 mulieribus
628 1531 654 1551 et
667 1527 805 1560 prophanis

91 1571 244 1603 transigunt.
281 1571 331 1597 Sed
346 1580 417 1597 meus
436 1577 522 1597 tamen
542 1573 670 1606 praelatus
684 1582 807 1599 ueneran-

92 1616 210 1641 dissimus
218 1617 243 1642 in
255 1617 357 1642 Christo
366 1623 440 1651 pater
449 1622 474 1643 et
484 1618 608 1649 dominus,
616 1619 694 1644 totins
705 1624 806 1645 nostrae

91 1663 222 1696 religionis
243 1663 337 1693 lumen,
350 1665 375 1701 in
399 1665 466 1690 uotis
486 1665 530 1690 det
549 1665 586 1690 illi
607 1665 732 1690 Dominus
751 1675 808 1699 per-

92 1710 264 1735 seueramiam
290 1710 323 1735 ad
350 1711 451 1736 laudem
477 1711 536 1742 Dei,
561 1712 655 1737 ordinis
681 1712 807 1742 decorem,

91 1764 214 1789 suamque
238 1756 363 1782 salutem:
395 1757 521 1783 Dominus
549 1758 699 1784 Alexander
731 1759 804 1791 Millij

92 1802 169 1835 longe
191 1803 264 1829 aliter
284 1803 352 1833 fecit.
377 1809 403 1830 et
428 1811 488 1830 ante
512 1805 642 1838 religionis
667 1807 806 1838 ingressum

93 1850 230 1875 canonieus
255 1851 380 1876 ecelesiae
411 1852 603 1878 Aberdonensis
631 1859 657 1878 et
675 1853 809 1879 DumKel-

94 1895 178 1920 densis
198 1896 315 1931 illiusque
334 1897 449 1923 officialis
470 1899 680 1931 spectatissimus,
693 1904 719 1924 et
739 1908 805 1925 nunc

94 1942 171 1966 etiam
185 1943 263 1967 nostri
286 1943 381 1968 ordinis
397 1945 483 1969 Abbas
504 1945 674 1974 reuerendus;
693 1946 736 1978 qui
749 1954 807 1971 eam

94 1989 303 2014 consuetudinem
317 1990 425 2022 induxit,
437 1996 464 2016 ut
485 1992 605 2016 continuo
626 1992 723 2025 prandij
745 1998 808 2018 tem-

95 2042 165 2067 pore,
179 2036 329 2068 praesertim
344 2035 382 2060 his
402 2036 491 2061 diebus
504 2038 594 2070 quibus
616 2038 727 2071 piscibus
740 2039 809 2064 uesci

95 2080 215 2111 solemus,
229 2081 324 2114 aliquid
346 2082 484 2114 legeretur3
503 2084 558 2116 alijs
573 2088 657 2110 autem
675 2084 772 2115 diebus,
785 2090 810 2110 et

94 2128 120 2152 in
134 2127 231 2161 prandij
246 2129 319 2153 initio
337 2135 362 2154 et
375 2129 436 2154 fine:
454 2129 509 2155 Nec
522 2131 613 2156 satisfit
625 2132 728 2163 regulae
741 2140 808 2165 quae

95 2174 171 2199 dicit:
198 2175 291 2199 Donec
319 2176 377 2199 inde
410 2178 531 2208 suryalz'S,
553 2181 579 2202 et
609 2178 757 2210 praesertim
783 2179 808 2202 in

95 2221 223 2246 communi
233 2221 378 2247 refectorio:
400 2222 433 2247 Et
444 2222 502 2248 ideo
514 2224 601 2248 melius
612 2228 697 2249 tamen
707 2224 811 2254 faceret,

96 2268 116 2292 si
136 2267 212 2293 lectio
233 2276 306 2294 sacra
319 2269 518 2298 continuaretur,
539 2270 586 2295 nisi
609 2271 755 2296 Collatione
775 2272 807 2296 de

96 2314 232 2348 scripturis
245 2315 468 2349 interrumperetur
477 2316 561 2348 (sicuti
579 2316 610 2342 de
624 2322 695 2350 patre
710 2318 809 2350 Augus-

838 1059 891 1083 tino
911 1058 1011 1090 legitur,
1024 1058 1068 1091 qui
1090 1059 1169 1090 magis
1191 1057 1293 1082 lectioni
1314 1065 1390 1090 quam
1411 1057 1552 1090 epulationi

841 1105 1016 1137 intendebat).
1054 1104 1162 1133 Quoties
1173 1108 1257 1129 autern
1269 1104 1323 1137 ipse
1334 1104 1430 1132 aderat,
1440 1105 1476 1129 uti
1490 1113 1553 1129 sern-

842 1160 887 1184 per
900 1151 960 1180 fere,
974 1152 1110 1184 praecipue
1125 1151 1237 1176 Sabbata
1251 1160 1301 1184 quo
1314 1150 1403 1183 regula
1416 1151 1515 1183 legitur,
1528 1151 1552 1175 in

838 1197 921 1222 medio
932 1197 1039 1231 prandio
1050 1197 1256 1230 compendiosam
1268 1202 1293 1222 ct
1305 1197 1390 1222 utilem
1402 1198 1552 1223 concionem

844 1243 913 1269 fecit:
923 1249 979 1269 etut
987 1244 1049 1269 alios
1056 1244 1329 1269 redderetattentiores
1336 1249 1361 1269 et
1372 1244 1554 1277 diligentiores,

843 1291 978 1316 nonnullos
991 1299 1022 1316 ex
1036 1291 1086 1315 suis
1100 1296 1201 1324 praeter
1214 1300 1300 1316 corum
1312 1300 1382 1324 spem
1396 1300 1425 1316 ex
1441 1296 1554 1325 tempore

841 1338 913 1362 iussit
926 1338 1080 1363 concionari.
1118 1338 1159 1363 Dc
1172 1347 1277 1371 qnorum
1292 1347 1396 1363 numero
1415 1347 1463 1371 ego
1476 1347 1555 1371 quan-

840 1393 916 1417 quam
931 1385 1069 1410 immeritus
1083 1393 1160 1418 saepe
1174 1385 1216 1413 fui,
1227 1386 1313 1419 itaque
1327 1394 1378 1410 rein
1389 1386 1469 1418 ipsam
1481 1394 1556 1410 exuc-

842 1432 892 1456 tius
905 1432 1027 1464 intelligo.
1064 1451 1069 1456 .
1106 1452 1112 1457 .
1148 1451 1153 1456 .
1192 1432 1309 1466 Plerique
1329 1437 1414 1458 tamen
1434 1442 1465 1458 cx
1485 1441 1556 1466 prac-

843 1479 901 1503 latis
931 1487 989 1503 sese
1019 1479 1175 1504 secularibus
1204 1480 1347 1504 immiscent
1376 1485 1466 1505 contra
1501 1480 1556 1505 iura

842 1525 974 1553 canonica,
999 1534 1014 1550 a
1040 1525 1168 1550 consortio
1193 1525 1359 1559 spiritualium
1382 1534 1438 1551 sese
1460 1527 1556 1551 abstra-

843 1571 952 1596 hentes·’
963 1575 1008 1596 etc.
1025 1571 1133 1603 (Fratris
1149 1571 1254 1597 Roberti
1269 1571 1418 1597 Richardini
1433 1572 1555 1605 Exegesis

843 1618 868 1642 in
892 1617 1024 1643 Cononem
1047 1618 1108 1643 Diui
1133 1619 1279 1651 Augustini,
1301 1619 1351 1644 foll.
1372 1622 1485 1650 95,100,
1503 1621 1556 1649 102,

846 1667 918 1698 ica).

879 1712 1026 1738 Elsewhere
1054 1713 1085 1738 he
1113 1721 1211 1738 renews
1239 1713 1276 1738 his
1301 1713 1428 1738 invective
1456 1715 1556 1745 against

841 1759 885 1784 the
908 1760 1059 1791 negligence
1085 1768 1113 1784 er
1137 1759 1260 1784 dissolute
1285 1768 1402 1785 manners
1427 1760 1455 1784 of
1479 1769 1555 1793 many

845 1814 938 1838 among
951 1806 994 1831 the
1008 1806 1134 1839 superiors
1148 1806 1176 1830 of
1186 1807 1309 1831 monastic
1322 1807 1428 1831 houses:
1449 1811 1463 1821 ‘⁵
1477 1808 1555 1841 Atqui

844 1853 1014 1886 praelatorum
1030 1853 1132 1878 huiusce
1146 1853 1305 1886 tempestatis
1316 1854 1382 1878 bona
1396 1862 1454 1887 pars
1468 1860 1556 1879 curant

842 1900 922 1931 magis
937 1900 1092 1932 uisitantqnc
1107 1899 1263 1932 frequentius
1276 1907 1363 1932 equ08‚
1378 1908 1464 1928 canes,
1477 1900 1555 1924 nisos-

843 1956 892 1979 que
907 1951 984 1979 atque
998 1946 1151 1975 meretrices,
1165 1954 1240 1978 quam
1254 1955 1285 1971 ex
1307 1947 1426 1971 fratribus
1447 1947 1555 1980 aliquem

844 1993 883 2017 uel
898 1994 923 2017 in
937 1993 1056 2018 extremis
1072 1993 1245 2018 constitutum.
1282 2013 1288 2019 .
1324 2013 1330 2019 .
1367 2013 1372 2019 .
1410 1994 1555 2019 Mirandum

845 2039 959 2073 profecto
991 2045 1066 2073 atque
1097 2040 1182 2072 potius
1207 2039 1343 2065 dolendum
1370 2041 1555 2074 praefectorum

847 2095 936 2118 genus.
950 2086 1045 2119 quippe
1058 2087 1101 2119 qui
1121 2086 1227 2111 terrenis
1242 2087 1373 2112 affectibus
1386 2088 1422 2112 ita
1441 2096 1497 2113 sese
1515 2088 1557 2113 de-

844 2138 978 2162 uouerunt,
1000 2137 1028 2158 ut
1049 2133 1091 2158 uix
1115 2142 1129 2158 e
1157 2133 1245 2159 decem
1274 2143 1349 2159 unum
1371 2135 1492 2168 reperias,
1513 2137 1555 2168 qni

844 2180 942 2205 coelum
965 2180 1049 2212 sapiat
1070 2184 1096 2205 et
1118 2180 1204 2205 futura
1225 2181 1401 2214 consyderet,''
1418 2182 1484 2215 (foll.
1503 2184 1557 2213 109,

852 2228 924 2257 110.)
961 2230 976 2240 “
989 2225 1099 2251 Praelati
1113 2230 1182 2252 certe
1201 2231 1259 2252 sunt
1279 2232 1306 2252 ut
1325 2236 1402 2253 canes
1422 2228 1492 2258 muti,
1506 2237 1555 2253 non

843 2272 958 2297 ualentes
974 2273 999 2297 in
1010 2272 1120 2298 claustro
1131 2272 1238 2298 latrare:
1257 2274 1377 2299 incedunt
1388 2283 1443 2300 cum
1454 2275 1556 2307 regibus

844 2323 870 2343 et
884 2319 1044 2351 magnatibus
1057 2320 1082 2344 in
1102 2320 1204 2346 urbibus
1225 2325 1251 2346 et
1271 2321 1396 2354 pallatijs:
1416 2321 1483 2347 unde
1505 2330 1555 2346 non
