1922 2764
247 298 294 333 90
575 291 731 327 LIBER
757 290 1006 327 ECCLESIE
1036 288 1376 326 COLLEGIATE

247 395 282 424 et
301 389 435 424 Thome
455 388 615 424 Arbukle
634 395 670 424 et
687 389 813 423 ibidem
831 388 1042 435 prescriptos
1061 386 1250 421 octodecim
1277 385 1404 419 solidos
1423 385 1527 419 annui
1545 386 1701 421 redditus

248 455 283 484 et
297 450 383 484 duos
402 449 529 484 solidos
544 450 586 484 de
602 449 732 484 eisdem
751 448 923 484 annuatim
944 447 1110 482 leuandos
1128 459 1191 493 per
1209 445 1254 480 lie
1273 445 1359 492 hesp
1374 451 1410 480 et
1423 445 1536 493 stapill
1555 459 1594 481 ac
1608 454 1701 483 terre

247 516 283 545 et
300 510 422 558 lapidis
447 510 667 545 traditionem
694 522 796 544 eausa
820 508 987 544 excambii
1015 519 1092 542 cum
1118 506 1251 554 prefata
1278 506 1427 541 dimedia
1451 519 1529 541 acra
1553 516 1645 543 terre
1665 517 1702 544 vt

247 583 350 618 supra
375 579 384 608 Ι
409 571 442 606 in
473 570 626 606 fauorem
656 570 781 618 prefati
812 569 964 616 magistri
995 568 1115 604 Jacobi
1149 574 1184 602 et
1215 579 1352 601 suorum
1384 568 1636 613 assignatorum
1666 570 1701 604 in

246 632 402 666 manibus
429 632 552 679 prefati
579 632 695 666 balliui
723 630 923 677 simpliciter
949 628 1141 675 resignauit
1157 637 1166 664 l
1184 628 1264 668 Qua
1290 627 1524 674 resignatione
1547 629 1595 664 sic
1612 629 1702 665 facta

246 692 337 727 idem
355 692 502 727 balliuus
520 698 645 727 statum
660 697 695 726 et
709 691 866 725 saisinam
885 689 1113 724 hereditarios
1132 689 1400 735 prescriptorum
1416 701 1605 724 annuorum
1624 691 1701 725 red-

247 753 378 788 dituum
397 766 459 800 per
477 753 605 788 dictum
624 752 824 798 magistrum
841 751 1008 786 Jacobum
1028 750 1203 784 annuatim
1227 749 1451 784 leuandorum
1469 751 1512 785 de
1531 752 1701 798 prescrip·

245 813 290 848 tis
308 813 516 848 tenementis
535 819 572 847 vt
590 825 693 859 supra
719 811 782 846 sibi
807 811 944 845 domino
972 810 1122 845 Ricardo
1150 810 1385 856 procuratorio
1413 810 1549 845 nomine
1577 812 1699 858 prefati

245 873 400 920 magistri
426 873 548 909 Jacobi
575 884 781 918 suorumque
809 871 1061 917 assignatorum
1088 883 1150 917 per
1174 870 1393 904 traditionem
1413 876 1505 905 terre
1526 878 1561 906 et
1579 872 1700 919 lapidis

244 946 284 968 ac
302 933 346 968 lie
361 933 446 980 hesp
462 940 497 968 et
515 933 615 979 stapil
630 939 666 967 vt
680 932 784 966 moris
799 937 852 966 est
869 932 1055 977 burgorum
1072 930 1278 966 deliberauit
1299 951 1305 956 ·
1332 930 1554 966 Presentibus
1573 932 1698 967 ibidem

245 994 383 1028 domino
400 994 531 1030 Jacobo
553 993 671 1028 Schaw
690 992 868 1039 capellano
888 991 1037 1026 Patricio
1058 991 1170 1026 Lufel
1190 991 1347 1025 Roberto
1366 991 1493 1026 Brvme
1513 999 1548 1026 et
1567 991 1701 1027 Thoma

246 1054 430 1100 Blythman
459 1053 618 1088 seriando
640 1074 646 1080 ·
669 1052 737 1087 ET
765 1052 874 1087 EGO
902 1051 1152 1086 ANDREAS
1183 1051 1317 1086 Skeoch
1344 1052 1528 1098 presbyter
1550 1052 1699 1099 Glasgu-

245 1114 337 1148 ensis
356 1114 502 1148 diocesis
520 1113 678 1160 publicus
698 1125 793 1147 sacra
812 1112 1015 1147 auctoritate
1038 1112 1240 1158 Apostolica
1258 1112 1410 1146 notarius
1463 1113 1555 1153 Quia
1576 1112 1671 1160 [eta]

243 1262 314 1327 IN
341 1292 431 1327 DEI
457 1292 595 1327 nomine
616 1292 731 1327 Amen
754 1313 759 1318 -
785 1292 851 1326 Per
877 1291 942 1326 hoc
969 1304 1113 1338 presens
1140 1292 1406 1326 instrumentum
1424 1293 1556 1327 cunctis
1583 1299 1698 1339 pateat

243 1353 333 1399 quod
349 1365 438 1387 anno
452 1353 697 1387 incarnationis
717 1352 901 1387 Dominice
916 1352 1097 1386 millesimo
1112 1352 1391 1398 quingentesimo
1407 1352 1698 1398 vigesimooctauo

243 1414 298 1448 die
319 1426 402 1448 vero
421 1414 589 1460 vigesimo
607 1413 735 1447 mensis
754 1413 934 1447 Februarii
951 1421 960 1449 Ι
976 1412 1016 1446 In
1037 1413 1103 1447 mei
1122 1413 1243 1447 notarii
1264 1413 1392 1459 publici
1411 1419 1446 1447 et
1463 1413 1601 1447 testium
1621 1414 1698 1448 sub-

243 1474 446 1520 scriptorum
473 1473 649 1520 presentia
675 1473 905 1520 personaliter
924 1473 1131 1508 constitutus
1152 1473 1329 1520 Georgius
1352 1473 1471 1508 Burell
1491 1486 1577 1508 vnus
1604 1474 1698 1508 balli-

243 1547 363 1568 uorum
394 1534 542 1568 ciuitatis
563 1533 795 1579 Glasguensis
817 1542 825 1569 l
850 1533 996 1568 accessit
1022 1534 1064 1567 ad
1091 1546 1195 1568 vnum
1223 1540 1457 1568 tenementum
1484 1547 1561 1568 cum
1592 1547 1698 1581 paruo

241 1595 342 1629 horto
361 1607 400 1628 ac
419 1606 544 1640 magno
561 1594 662 1628 horto
683 1594 756 1628 siue
778 1594 932 1640 pomario
950 1593 1113 1639 contigue
1133 1594 1368 1628 adiacentibus
1387 1594 1479 1628 dicto
1498 1601 1697 1629 tenemento

242 1654 276 1688 in
295 1654 478 1701 posteriori
505 1660 602 1700 parte
622 1653 775 1688 eiusdem
800 1654 920 1699 jacens
939 1653 972 1687 in
995 1653 1135 1688 ciuitate
1158 1653 1370 1700 Glasguensi
1390 1654 1480 1689 inter
1499 1661 1696 1690 tenementa

242 1715 276 1748 in
296 1714 460 1749 anteriori
486 1720 584 1761 parte
602 1726 747 1748 vnacum
769 1714 861 1748 dicto
887 1727 1002 1760 paruo>
1020 1714 1120 1748 horto
1149 1714 1294 1749 Andree
1315 1714 1422 1761 Craig
1440 1727 1485 1749 ex
1503 1715 1643 1750 australi
1662 1722 1698 1750 et

245 1774 410 1809 Willelmi
431 1774 568 1820 Glasgu
594 1787 638 1809 ex
667 1774 797 1809 boreali
824 1774 979 1821 partibus
1007 1774 1054 1809 Et
1079 1775 1112 1808 in
1141 1775 1323 1821 posteriori
1350 1781 1447 1822 parte
1474 1775 1565 1810 inter
1587 1782 1697 1811 terras

243 1835 345 1870 Noue
365 1834 523 1869 Ecclesie
544 1835 728 1869 Beatarum
757 1835 870 1869 Marie
892 1835 1050 1882 Virginis
1069 1842 1105 1870 et
1126 1836 1229 1870 Anne
1248 1836 1365 1870 matris
1385 1836 1458 1870 eius
1477 1849 1522 1870 ex
1540 1837 1698 1871 occiden-

241 1896 299 1930 tali
315 1908 353 1930 ae
368 1895 503 1930 Thonie
521 1895 633 1929 Adam
649 1896 775 1930 sutoris
790 1908 834 1930 ex
849 1895 979 1930 boreali
994 1902 1029 1930 et
1042 1896 1064 1932 J
1068 1902 1170 1930 onete
1192 1896 1359 1931 Nutishill
1374 1909 1418 1931 ex
1436 1897 1576 1931 australi
1595 1897 1698 1944 parti-

239 1956 302 1990 bus
319 1964 327 1992 l
342 1968 488 1990 vnacum
508 1955 680 1990 Macolmo
702 1956 914 2002 Henrysone
931 1966 939 1992 l
955 1956 1038 1990 alias
1054 1956 1254 2003 Makandoy
1273 1965 1281 1993 l
1297 1957 1402 1991 fratre
1421 1970 1460 1991 ac
1477 1957 1649 2003 legittimo
1663 1964 1699 1992 et

239 2016 475 2062 propinquiori
490 2016 620 2051 herede
632 2016 802 2063 quondam
822 2016 938 2051 Dauid
956 2016 1169 2062 Henrysone
1186 2025 1195 2053 Ι
1213 2017 1295 2051 alias
1311 2016 1510 2063 Makandoy
1528 2026 1537 2053 l
1554 2017 1600 2052 Et
1615 2017 1698 2051 ibid-

241 2088 295 2110 em
313 2076 402 2110 idem
422 2076 568 2110 balliuus
587 2082 711 2111 statum
731 2083 767 2111 et
785 2076 943 2111 saisinam
962 2077 1190 2112 hereditarios
1209 2077 1300 2112 feodi
1319 2078 1403 2112 dicti
1425 2079 1616 2112 tenementi
1635 2079 1699 2112 sibi

241 2135 415 2170 Macolmo
431 2142 593 2182 tanquam
618 2150 701 2172 vero
728 2137 899 2184 legittimo
921 2144 957 2172 et
982 2138 1220 2184 propinquiori
1246 2138 1369 2173 heredi
1395 2138 1501 2185 ipsius
1528 2139 1698 2185 quondam

242 2195 361 2229 Dauid
387 2196 527 2230 tradidit
544 2205 644 2232 lcum
670 2210 843 2232 consensu
871 2197 1019 2232 Henrici
1046 2198 1247 2245 Makandoy
1265 2199 1380 2233 fratris
1400 2199 1507 2246 ipsius
1537 2199 1699 2233 Macolmi

242 2256 414 2302 presentis
430 2262 465 2290 et
479 2257 729 2292 consentientis
747 2258 789 2291 ad
803 2258 971 2304 premissa
985 2266 995 2294 l
1012 2258 1084 2298 Qui
1102 2258 1297 2293 Macolmus
1316 2259 1365 2293 sic
1378 2260 1568 2306 persistens
1583 2260 1616 2292 in
1633 2266 1698 2293 sta-

240 2321 277 2349 tu
296 2321 331 2349 et
350 2315 476 2350 saisina
492 2316 585 2350 feodi
604 2317 685 2351 dicti
703 2317 895 2352 tenementi
915 2324 952 2352 ut
971 2330 1073 2364 supra
1091 2319 1218 2353 dictum
1239 2318 1504 2365 [tenementum]
1523 2332 1599 2354 cum
1615 2319 1697 2354 ortis
